1864 3042
894 79 960 124 27

302 198 402 244 Sall.
433 198 534 255 Jug.
813 196 925 240 Dict.
956 194 1023 239 Cr.
1341 194 1383 239 S.
1419 192 1516 240 Sev.

173 307 259 345 nino
294 305 412 343 facere
449 307 510 341 aut
546 301 661 350 provi-
675 303 889 339 instantibus
912 313 1028 359 neque
1044 301 1167 346 degre-

173 355 260 392 dere
274 354 463 400 quicquam
483 353 661 405 poterant,
677 351 713 386 di
748 351 826 387 sine
856 350 1016 397 pernicie
1052 361 1167 396 neque

171 404 224 440 ita
257 404 404 439 cunctos
444 427 453 436 .
485 426 496 436 .
531 398 663 434 nostris
677 410 777 434 arma
832 410 960 443 capere
1014 398 1167 433 turbatis

171 449 396 491 instantibus,
420 447 576 483 tumultu
594 445 664 480 for·
678 446 842 482 omnibus
863 449 900 481 et
921 446 968 482 ob
988 444 1026 480 id
1040 448 1168 480 cuncta

172 497 307 534 midine
355 495 458 542 quasi
496 493 660 530 vecordia
677 494 954 540 impedientibus
977 495 1126 539 possent

173 546 318 592 ceperat

198 640 235 685 1)
258 648 371 683 neque
381 592 504 671 {gileti
513 634 664 670 victoria
1203 638 1231 674 c
1256 638 1290 673 11
1311 636 1366 679 15,
1391 637 1414 672 8
1431 614 1539 671 *ferox
1548 632 1671 669 multis

173 697 295 724 socors
308 687 369 721 aut
382 684 538 719 insolens
551 682 663 718 factus
1182 686 1356 729 victoriis,
1394 683 1483 719 nihil
1518 681 1589 718 sibi
1619 681 1672 716 in-

1181 735 1315 770 victum
1337 735 1437 768 ratus

197 781 232 826 3)
256 779 403 816 laudare
427 780 464 814 et
479 777 663 822 increpare
701 777 751 813 VI
775 778 796 812 6
820 776 968 811 meritos
987 775 1090 812 donis
1105 778 1167 811 aut

171 827 344 865 merentis
678 824 863 871 suppliciis
884 823 995 860 afficit

196 924 233 969 4)
260 923 291 959 si
314 874 461 967 quil&
459 930 583 954 manus
607 930 663 955 ve·
701 918 735 953 II
761 921 781 954 2
806 920 860 954 uti
882 919 1029 965 quisque
1042 919 1080 954 in
1093 931 1166 955 ma-

173 973 311 1016 nerant,
334 969 547 1004 obtruncare
678 978 741 1001 nus
766 971 928 1013 venerat,
956 966 1167 1003 interficitur

198 1066 234 1108 6)
258 1063 344 1099 satis
365 1061 506 1106 inpigre
678 1014 796 1098 0erss
821 1018 940 1098 ἔξω
930 1062 1073 1108 inpigre

203 1113 239 1156 7)
273 1110 463 1146 atrocitate
500 1106 553 1142 rei
584 1133 593 1141 .
619 1131 627 1141 .
654 1132 661 1140 .
705 1109 740 1143 II
781 1111 825 1145 41
874 1110 1065 1145 atrocitate
1112 1109 1166 1145 rei

172 1161 353 1195 terrentur
677 1159 796 1192 motus

198 1207 336 1243 animos
359 1204 485 1241 tollere
700 1205 753 1239 ΙΙΙ
777 1205 798 1240 5
824 1205 920 1241 tollit
942 1205 1078 1241 animos
1102 1204 1166 1241 cfr.

678 1252 730 1286 III
755 1253 789 1294 8,
812 1253 845 1290 V
869 1254 903 1298 4,
929 1253 962 1289 V
989 1255 1032 1288 10

197 1301 232 1348 8)
257 1299 456 1348 profligatis
485 1308 574 1344 quos
603 1296 662 1332 ad·
700 1300 735 1335 II
771 1303 791 1336 3
825 1300 957 1356 fugatis
987 1312 1075 1347 quos
1106 1299 1167 1336 ad·

172 1361 316 1386 vorsum
340 1349 430 1383 ierat
678 1360 817 1384 versum
841 1349 932 1384 ierat
951 1349 1014 1385 cfr.
1039 1348 1089 1384 IV
1116 1351 1136 1384 3

191 1397 252 1442 10)
269 1395 427 1431 adcurrit
437 1392 567 1429 auxilio
579 1391 662 1435 suis,
700 1395 753 1430 ΙΙΙ
777 1398 800 1430 4
831 1396 894 1431 ubi
920 1423 928 1431 ,
955 1423 964 1431 ,
990 1423 999 1431 ,
1030 1395 1167 1431 medios

172 1456 260 1491 quos
283 1443 370 1490 pelli
388 1443 465 1488 jam
478 1443 664 1486 acceperat
677 1454 820 1478 suorum
837 1444 937 1479 fundi
952 1443 1095 1489 accipit,
1111 1470 1120 1479 .
1136 1469 1144 1477 .
1159 1469 1167 1477 .

677 1492 830 1528 accurrit
851 1492 982 1528 auxilio
1003 1492 1168 1527 laboran-

676 1539 772 1573 tibus

207 1585 264 1630 11)
293 1587 370 1619 tum
407 1593 490 1619 vero
525 1582 661 1626 specta·
699 1586 748 1621 IV
764 1588 785 1620 7
810 1588 887 1621 tum
905 1596 987 1621 vero
1002 1595 1174 1620 cerneres
1202 1587 1229 1623 G
1261 1586 1297 1622 II
1332 1589 1393 1630 19,
1424 1587 1447 1621 8
1482 1588 1559 1620 tum
1584 1594 1669 1620 vero

172 1633 292 1669 culum
316 1643 354 1667 m
377 1641 514 1686 03³1mP¹⁸
538 1632 661 1675 palen·
678 1632 760 1668 hino
792 1659 801 1668 ·
838 1660 846 1669 ·
872 1661 879 1669 -
917 1644 982 1678 per
1021 1643 1165 1668 omnem
1179 1635 1323 1672 foedum
1347 1634 1590 1683 spectaculum

172 1680 285 1715 tibus:
312 1680 411 1725 sequi
435 1678 571 1723 fugere,
603 1686 661 1710 00·
676 1692 842 1737 campum
866 1681 940 1716 sine
963 1680 1089 1716 ordine
1112 1674 1174 1736 aiz—J

172 1728 245 1763 cidi
282 1729 384 1772 capi:
427 1726 508 1772 equi
557 1727 662 1768 atque
675 1741 743 1774 que
791 1728 929 1774 inperio
987 1707 1173 1773 fugientes:

171 1776 239 1812 viri
277 1773 428 1820 adflicti,
474 1785 516 1810 ac
558 1771 661 1808 multi
677 1777 900 1813 multitudine
944 1788 985 1813 ac
1020 1777 1162 1812 festina·
1169 1772 1172 1793 ²

171 1825 376 1859 VOlneribus
385 1822 662 1874 acceptalsneque
675 1826 772 1861 tione
802 1827 896 1860 inter
927 1836 964 1860 se
987 1825 1165 1869 implicari

171 1871 294 1918 fugere
309 1882 413 1917 posse
436 1881 551 1915 neque
568 1868 662 1914 quie·
675 1873 803 1910 cadere
815 1884 858 1909 ac
869 1884 953 1908 mox
963 1872 1165 1918 palantibus

171 1922 246 1954 tem
276 1919 363 1964 pati,
398 1918 465 1953 niti
489 1917 596 1953 modo
620 1926 662 1952 ac
677 1921 773 1966 equis
815 1921 1037 1966 proculcari,
1081 1920 1165 1955 hinc

169 1967 292 2002 statim
316 1966 504 2002 concidere
677 1969 830 2004 Graecos
855 1971 914 2003 cet

203 2017 388 2059 postremo
433 2013 553 2048 omnia
594 2025 663 2058 qua
697 2016 900 2051 redundant
934 2040 943 2049 .
969 2039 978 2049 .
1008 2041 1017 2049 .
1047 2013 1164 2059 campi

171 2061 265 2097 visus
278 2064 365 2103 erat,
386 2064 568 2097 constrata
583 2062 662 2096 telis
675 2064 860 2109 sanguine,
884 2065 921 2098 et
941 2062 1072 2105 omnia,
1095 2073 1164 2106 qua

171 2109 279 2144 armis
337 2108 569 2145 cadaveribus
626 2113 660 2144 et
676 2111 787 2148 hostis
811 2111 1019 2154 intraverat,
1055 2109 1163 2145 armis

170 2156 265 2192 inter
288 2167 330 2191 ea.
353 2156 482 2192 humus
506 2157 638 2192 infecta
674 2163 781 2205 atque
810 2159 1042 2195 cadaveribus
1068 2169 1164 2194 com-

170 2204 342 2250 sanguine
674 2208 771 2254 pleta
790 2209 873 2243 sunt

198 2298 256 2343 13)
274 2299 356 2344 jure
378 2253 467 2334 11321211
1201 2300 1229 2336 C
1252 2300 1270 2336 1
1295 2300 1354 2342 53,
1379 2300 1401 2335 3
1421 2298 1503 2344 jure
1525 2295 1614 2334 belli

209 2392 244 2438 2)
280 2348 459 2438 quordg&
484 2397 522 2430 et
573 2393 660 2430 fides
1200 2396 1237 2432 M
1266 2395 1300 2439 5,
1327 2395 1344 2429 1
1371 2394 1471 2440 cujus
1498 2419 1507 2429 .
1526 2418 1536 2428 .
1559 2419 1568 2428 .
1591 2402 1670 2438 epe-

170 2440 316 2485 cognita
346 2443 384 2476 et
422 2441 569 2487 ingenia
603 2453 660 2477 va·
1177 2445 1274 2479 ctata
1315 2444 1352 2476 et
1392 2440 1538 2488 cognita
1579 2438 1669 2477 fides

169 2487 355 2526 lidiseuma
378 2491 480 2526 erant
1177 2489 1376 2526 habebatur

204 2583 240 2627 3)
283 2536 504 2619 temessgaef,
552 2583 660 2619 effuse
696 2582 714 2618 Ι
750 2584 794 2619 19
830 2594 877 2619 ne
909 2609 918 2619 .
944 2608 953 2617 .
977 2609 987 2618 .
1020 2584 1163 2621 effusius

169 2632 292 2666 euntes
674 2641 715 2666 ac
751 2630 827 2667 sine
867 2631 977 2669 modo
1013 2633 1164 2670 militiae

377 2678 455 2713 106.
675 2682 862 2724 vagaretur

193 2770 231 2818 2)
253 2771 392 2809 incerto
411 2771 513 2809 voltu
527 2782 660 2818 pavens
1198 2772 1231 2808 D
1248 2771 1301 2809 111
1320 2771 1374 2814 15,
1396 2770 1422 2808 4
1433 2769 1670 2808 trementibus

1173 2820 1527 2907 gielz’igzorinoertoque
1562 2819 1664 2856 vultu

1295 2927 1347 2970 8·
