1864 3042
909 105 965 146 60

1692 10 1705 15 λ.
1726 0 1765 12 *u*
1777 1 1813 15 -μῖι
1828 0 1854 15 ⁷¹1·

1569 20 1571 22 ·
1703 21 1725 30 -v
1745 17 1800 33 ιμ’

1637 62 1640 65 A
1699 46 1706 49 “
1724 45 1754 65 Es*
1769 41 1805 67 0⁴5
1830 42 1864 90 '⁴³

1695 73 1704 76 ”
1736 77 1763 86 -v<
1825 72 1847 89 ,ἶ

1685 99 1687 101 .
1717 88 1767 103 ,xz
1784 92 1794 100 »Ι
1824 89 1862 107 με·

1729 110 1785 129 τεῢ
1799 108 1808 133 ,“
1835 103 1864 130 “’ῗ’ἒ

1740 138 1774 157 ,Ἀ
1833 131 1864 162 ,ξζὶἑ

175 221 265 274 jam
310 220 353 260 in
396 218 582 261 carmine
621 218 697 259 illo
737 218 932 272 sepulcro
963 216 1174 272 Scipionis
1212 217 1347 259 inciso
1386 216 1592 272 scriptum
1635 217 1694 279 sit
1715 229 1864 272 με

184 288 284 330 »hec
314 288 428 343 cepit
449 286 618 329 Corsica
650 286 884 341 Aleriaque
904 286 1008 328 urbe
1030 284 1329 340 pugnand0d‹,
1361 298 1446 341 qua
1464 282 1809 343 3²¹¹⁰⁸ffi¹¹⁵'3jfzj·‡.
1834 281 1864 327 „3

182 357 345 411 priscae
375 356 548 410 linguae
578 354 857 397 admiratione
887 353 1078 396 imbutus
1106 352 1248 406 fuerit,
1278 353 1494 396 illustrare
1509 348 1704 397 videtum

805 518 833 562 J
835 534 906 575 ug.
938 521 1006 572 42,
1038 521 1079 563 4.

294 635 501 692 Scriptor,
533 635 645 677 unde
674 648 767 677 mos
796 634 869 676 ille
900 635 1089 690 partium
1120 635 1163 676 et
1192 633 1429 678 factionum
1459 648 1508 678 ac
1537 606 1690 697 deinde

181 706 371 747 omnium
401 706 609 746 malarum
640 704 796 745 artium
818 703 1024 745 Romanis
1053 705 1172 745 ortus
1203 704 1272 754 sit,
1302 705 1448 746 multis
1466 703 1689 753 disseruit·;

175 777 265 831 jam
297 789 386 818 sese
417 776 590 817 revocat
620 773 676 815 ad
707 774 988 828 propositum.
1051 772 1151 815 »Set
1181 773 1231 815 de
1260 773 1410 815 studiis
1430 774 1617 829 partium
1644 774 1691 816 et

181 845 319 885 omnis
363 843 549 885 civitatis
593 842 783 883 moribus
822 842 858 882 si
898 842 1142 895 singulatim
1182 843 1257 882 aut
1286 855 1363 896 pro
1394 841 1689 897 magnitudine
1762 860 1764 862 ’

180 927 326 967 parem
356 912 573 962 disserere,
610 913 779 964 tempus
810 924 935 963 quam
966 924 1032 951 res
1060 910 1270 950 maturius
1299 923 1367 951 mc
1396 910 1598 961 deseret«,
1629 911 1689 952 sic

178 979 227 1021 P.
270 981 313 1021 et
357 980 551 1034 plerique
587 978 646 1030 C„
695 977 908 1019 »deserat«
949 978 1017 1018 vel
1063 976 1325 1018 »desereret«
1365 978 1507 1019 ceteri.
1567 976 1687 1026 Quod

178 1047 425 1088 Dietsohius
454 1048 497 1087 et
526 1046 738 1087 Jordanus
768 1045 1058 1095 indicativum,
1087 1046 1161 1098 qui
1193 1045 1450 1099 optimorum
1481 1045 1693 1086 librorum·

179 1115 432 1156 auctoritate
472 1114 646 1164 nititur,
688 1113 906 1168 aspernati
946 1115 1065 1163 sunt,
1108 1127 1281 1168 prorsus
1320 1113 1476 1155 mirum
1506 1114 1685 1156 videtur.

176 1183 437 1225 Indicativus
466 1183 604 1233 enim,
650 1196 776 1236 quem
807 1182 979 1223 modum
1009 1182 1123 1236 apud
1153 1180 1399 1223 Sallustium
1429 1182 1597 1238 saepius
1625 1182 1686 1224 ibi
1719 1197 1725 1199 “

178 1265 346 1306 quoque
377 1251 575 1301 inveniri,
606 1250 681 1291 ubi
711 1250 939 1291 secundum
959 1250 1154 1304 vulgares
1184 1251 1556 1306 grammaticorum
1571 1251 1687 1307 leges
1761 1275 1765 1279 -

178 1320 474 1373 conjunctivus
514 1319 650 1372 magis
691 1318 805 1359 foret
846 1318 1048 1367 usitatus,
1095 1318 1361 1359 Badstiibner
1399 1319 1445 1359 in
1475 1332 1688 1361 commen-

178 1388 344 1430 tatione
374 1387 429 1430 de
455 1386 648 1429 Sallustii
677 1386 846 1428 dicendi
876 1399 1028 1439 genere
1058 1401 1098 1440 p.
1132 1386 1186 1427 39
1214 1388 1258 1428 et
1286 1385 1577 1429 Bussmannus
1610 1387 1686 1435 »de

177 1459 419 1511 temporum
463 1457 507 1497 et
552 1455 772 1496 modorum
815 1454 928 1508 apud
972 1453 1218 1495 Sallustium
1260 1469 1365 1495 usu«
1411 1470 1451 1510 p.
1493 1456 1518 1497 5
1558 1457 1687 1498 testes

178 1527 298 1574 sunt,
339 1524 481 1566 Severi
520 1524 750 1565 imitatoris
791 1524 1107 1564 accuratissima
1135 1524 1412 1566 translatione
1443 1526 1545 1566 satis
1573 1525 1689 1567 defe-

178 1592 367 1634 fenditur
408 1590 482 1633 cfr.
518 1591 569 1633 D.
602 1591 622 1633 Ι
660 1591 722 1644 19,
754 1592 779 1633 6
823 1590 920 1632 »sed
959 1604 1025 1632 me
1063 1590 1150 1632 dies
1190 1592 1289 1633 ante
1329 1591 1519 1645 deficiet,
1559 1605 1688 1648 quam

177 1662 343 1702 diversa
386 1661 612 1710 miracula,
659 1674 767 1713 quae
814 1660 919 1699 mihi
960 1660 1011 1700 de
1047 1662 1288 1700 sanctorum
1319 1661 1551 1702 virtutibus
1586 1664 1689 1702 sunt

176 1731 394 1784 conperta,
427 1742 758 1770 consummem«.
818 1726 1016 1769 Ceterum
1045 1726 1318 1771 indicativum
1352 1729 1487 1782 illum,
1527 1729 1688 1787 quippe

177 1813 261 1852 quo
307 1813 392 1839 non
436 1798 590 1838 incerti
632 1797 792 1850 aliquid
832 1797 1020 1837 modeste
1049 1800 1332 1851 proponatur,
1373 1799 1445 1840 sed
1473 1799 1517 1839 id
1549 1800 1689 1853 ipsum

182 1867 295 1922 quod
311 1868 508 1907 narratur
538 1879 683 1907 verum
712 1878 801 1905 esse
833 1878 910 1918 pro
932 1866 1050 1906 certo
1064 1865 1352 1917 confirmetur,
1382 1867 1466 1908 vim
1483 1867 1689 1909 orationis

179 1935 351 1990 egregie
382 1931 537 1988 augere
567 1933 716 1988 negari
746 1947 833 1974 non
864 1934 1018 1987 potest.

757 2083 786 2126 J
790 2097 858 2138 ug.
889 2085 956 2135 47,
994 2086 1114 2125 1—2.

297 2194 428 2237 »Erat
470 2193 575 2236 haut
605 2194 728 2249 longe
758 2194 813 2235 ab
844 2209 893 2236 eo
924 2195 1091 2248 itinere,
1132 2210 1217 2251 quo
1247 2196 1444 2240 Metellus
1474 2199 1689 2255 pergebat,

178 2264 382 2318 oppidum
414 2262 713 2313 Numidarum,
745 2264 917 2305 nomine
948 2263 1109 2325 Vacca,
1132 2265 1275 2307 forum
1307 2280 1446 2308 rerum
1477 2268 1689 2328 venalium

177 2333 311 2375 totius
340 2333 463 2388 regni
496 2347 691 2375 maxume
721 2332 997 2384 celebratum,
1029 2334 1103 2375 ubi
1133 2336 1178 2377 et
1206 2335 1393 2377 incolere
1425 2338 1468 2378 et
1513 2337 1690 2380 merca-ri
1744 2330 1766 2380 f

177 2402 488 2442 consueverant
507 2400 646 2442 Italici
676 2401 846 2455 generis
867 2401 992 2442 multi
1012 2403 1227 2444 mortales.
1290 2402 1387 2446 Huc
1399 2404 1545 2446 consul
1564 2405 1690 2448 siml

177 2470 417 2524 temptandi
446 2470 590 2525 gratia
620 2469 655 2510 si
684 2471 936 2523 paterentur
965 2473 1008 2513 et
1037 2471 1093 2513 ob
1124 2473 1437 2526 oportunitates
1467 2474 1549 2516 loci
1571 2486 1725 2530 prae-f
1749 2463 1761 2475 Γ
1784 2520 1789 2524 7
1839 2522 1843 2525 ,

178 2538 332 2579 sidium
364 2538 597 2592 inposuit.‹

290 2606 448 2658 Locus,
504 2621 632 2663 quem
676 2608 816 2648 totum
860 2607 1126 2651 Dietschium
1171 2611 1304 2652 secuti
1356 2612 1691 2668 perscripsimus,

175 2674 451 2717 difficillimus
481 2676 557 2716 est.
592 2673 817 2729 -Namque
848 2677 896 2716 ut
925 2676 1055 2718 verba
1085 2678 1187 2719 »ubi
1217 2679 1261 2720 et
1289 2679 1476 2723 incolere
1507 2682 1552 2723 et
1581 2695 1694 2725 mer·-

174 2744 265 2785 cari
296 2745 603 2786 consueverant
632 2743 770 2786 Italici
801 2745 972 2798 generis
1000 2746 1123 2787 multi
1152 2747 1380 2789 mortales«
1413 2747 1554 2804 (quae,
1593 2761 1690 2793 cum
1726 2740 1758 2747 Η

174 2813 219 2854 in
251 2812 313 2854 Po
341 2814 386 2854 et
406 2812 497 2854 Po¹
528 2813 646 2867 prior
676 2813 878 2855 infinitivi
910 2814 1149 2857 »incolere«
1182 2815 1326 2858 littera
1359 2830 1432 2859 ›c‹
1472 2820 1592 2861 erasa
1620 2818 1854 2875 tribu»
