1864 3042
874 119 925 162 61

85 226 214 295 {ifex
239 230 285 276 O.
331 233 474 275 autem
517 232 618 274 libri
664 232 858 274 nonnulli
903 233 1134 275 exhibeant
1181 235 1418 287 »incolae«,
1459 238 1668 292 gravioris

82 289 427 367 {ff'anorruptelae
456 301 741 355 suspicionem
770 315 940 344 movere
962 298 1140 357 possunt
1169 304 1212 344 et
1237 303 1416 347 fortasse
1438 306 1667 348 secuudum

14 372 119 426 J
126 358 413 437 Septimium

61 440 126 493 fis
131 481 133 483 ,
386 437 430 479 Π
452 438 478 479 8
511 437 609 491 »qui
639 438 852 479 mercandi
883 439 1024 493 gratia
1054 454 1130 493 per
1160 454 1327 482 omnem
1344 441 1665 497 Hellespontum

388 508 648 548 commutare
705 519 773 547 res
822 520 919 547 cum
962 507 1117 549 accolis
1161 509 1268 550 sueti
1310 510 1423 551 ultro
1472 511 1665 566 citroque

57 624 62 628 ⁴
386 574 681 629 vagabantur«

71 660 75 664 ²
142 644 230 688 ’ἢο-
247 642 411 686 edenda
439 643 590 694 erunt,
633 643 682 683 ut
709 642 922 687 scribatur
954 643 1056 684 »ubi
1086 658 1181 686 cum
1211 645 1360 687 incolis
1391 660 1457 688 res
1486 648 1664 689 mercari

13 710 19 717 “
158 712 464 755 consueverant
482 710 620 752 Italici
642 711 810 764 generis
838 711 962 752 multi
993 713 1216 754 mortales»
1196 713 1238 769 »)
1258 715 1428 757 silentio
1451 719 1665 770 praetere-

157 793 290 832 amus,
321 780 433 821 certe
464 792 572 833 quae
601 781 837 833 sequuntur
865 779 974 821 »huc
989 781 1136 822 consul
1150 784 1230 823 cet.
1258 782 1403 824 multis
1433 783 1663 826 dubitatio-

108 851 122 861 *
157 849 284 904 nibus
314 848 498 890 obnoxia
524 849 636 889 sunt.
695 848 759 889 Ac
789 849 973 902 primum
1004 850 1172 903 quidem
1201 851 1251 892 de
1284 852 1503 894 codicibus
1533 868 1661 907 quae-

72 909 75 911 ’
156 917 348 960 rentibus
398 915 608 957 Jordanus
652 915 698 957 in
742 915 804 957 Po
854 918 897 957 et
941 916 1006 967 O„
1043 919 1305 972 »temptandi
1347 920 1486 973 gratia
1538 923 1582 962 et
1623 922 1659 962 si

157 985 406 1040 paterentur
434 984 746 1038 oportunitates
785 984 891 1024 loci«
934 985 1138 1038 scriptum
1176 998 1264 1027 esse
1303 988 1452 1028 auctor
1488 989 1571 1036 est3
1615 988 1658 1029 in

155 1053 248 1096 Po.1
276 1054 419 1095 autem
448 1066 474 1094 a
503 1052 641 1107 prima
657 1066 786 1094 manu
805 1053 1037 1106 genitivum
1055 1053 1283 1108 singularis
1301 1055 1655 1109 »oportunitatis«

115 1147 117 1149 ·
156 1121 405 1164 restitutum
453 1135 541 1162 esse
571 1120 760 1162 Wirzius
803 1123 1009 1168 testatur:
1058 1121 1288 1164 deteriores
1331 1122 1514 1177 denique
1559 1124 1659 1166 libri

154 1192 254 1233 aute
286 1190 649 1245 »oportunitates«-
689 1189 1046 1244 praepositionem
1089 1190 1172 1232 »ob
1201 1192 1276 1232 aut
1307 1193 1534 1245 »propter«
1568 1206 1660 1234 ver-

160 1259 307 1302 borum
337 1259 555 1301 contextui
575 1259 779 1300 inserunt.
838 1257 937 1300 Jam
957 1259 1294 1313 »oportunitas«,
1326 1260 1526 1313 quoniam
1546 1262 1658 1316 apud

154 1326 405 1371 Sallustium
444 1326 599 1368 bonam
643 1326 854 1381 quandam
896 1327 1231 1380 oportunitatem
1278 1327 1496 1381 exprimit,
1539 1328 1658 1370 nulla

153 1396 319 1438 ratione
348 1408 444 1437 cum
460 1395 589 1437 verbo
609 1395 907 1449 ›paterentur‹
940 1395 1145 1450 conjungi
1171 1396 1323 1450 potest,
1355 1408 1449 1436 cum
1466 1397 1657 1450 quemvis

152 1465 292 1506 locum
322 1466 579 1518 oportunum
611 1464 868 1517 praesidium
898 1464 990 1517 pati
1019 1464 1130 1505 inter
1147 1478 1294 1505 omnes
1309 1466 1484 1505 constet.
1532 1465 1655 1506 Unde

151 1531 283 1575 verba
329 1531 391 1573 »si
435 1532 708 1586 paterentur«
762 1531 815 1573 ad
856 1530 1070 1586 Vagenses
1108 1531 1323 1586 pertinere
1368 1533 1411 1574 et
1458 1532 1511 1574 iis
1549 1547 1656 1587 quae

116 1636 121 1637 γ
152 1599 411 1640 antecedunt
466 1599 731 1652 ›temptandi
788 1600 954 1653 gratia«
1014 1599 1311 1652 subjungenda
1365 1613 1453 1639 esse
1505 1601 1655 1641 elucet.

150 1666 400 1710 Rectissime
443 1668 556 1709 enim
597 1666 841 1710 Dietschius
881 1682 921 1722 p.
954 1667 1030 1708 21:
1077 1668 1373 1723 »oportunitas
1413 1667 1495 1711 loci
1530 1683 1657 1711 causa

67 1781 71 1784 ,
149 1735 252 1788 fuit,
292 1739 341 1777 ut
369 1735 565 1779 Metellus
593 1736 812 1790 Vagenses
841 1736 1109 1790 potissimum
1139 1738 1395 1790 temptaret,
1441 1751 1533 1778 eam
1564 1740 1655 1778 tum

149 1805 369 1847 accessisse
400 1806 436 1846 si
455 1805 518 1846 illi
534 1806 781 1859 paterentur
810 1819 1054 1859 pervorsum
1082 1807 1188 1855 est«,
1220 1805 1287 1846 eui
1307 1806 1397 1846 viro
1414 1805 1465 1847 de
1481 1804 1655 1847 Sallusti

148 1872 322 1928 scriptis
352 1872 512 1927 optime
543 1872 696 1914 merito
727 1872 912 1913 additam
945 1874 1042 1926 post
1074 1872 1338 1926 »temptandi
1367 1873 1532 1926 gratia«
1557 1887 1653 1927 par-

146 1939 324 1983 ticulam
369 1942 463 1982 »et«
507 1954 559 1981 ex
596 1940 843 1994 ignorantia
872 1940 1169 1990 librariorum,
1210 1939 1366 1993 quibus
1394 1953 1494 1981 usus
1522 1941 1655 1994 parti-

146 2007 274 2052 cula-e·
299 2008 387 2050 »si«
420 2009 517 2063 post
547 2009 677 2050 verba
707 2008 954 2063 experiundi
984 2009 1153 2062 ignotus
1183 2007 1351 2059 fuisset,
1395 2009 1534 2049 ortam
1563 2022 1652 2050 esse

146 2076 354 2125 statuenti
382 2075 567 2118 libenter
596 2076 818 2118 assentior.
878 2075 989 2116 Nam
1020 2075 1186 2116 etiamsi
1213 2075 1259 2116 in
1289 2075 1458 2129 scriptis
1477 2074 1651 2117 Sallusti

145 2156 255 2196 quae
292 2143 417 2185 nobis
456 2145 705 2185 manserunt
743 2144 909 2184 nullum
939 2145 1079 2185 exstat
1108 2143 1346 2197 exemplum
1361 2175 1371 2191 ,
1416 2143 1650 2184 imitatores

144 2211 290 2257 tamen
334 2225 454 2258 usum
498 2226 595 2253 eum
642 2211 755 2253 haud
799 2212 941 2267 paucis
983 2211 1238 2253 confirmant
1278 2210 1532 2251 testimoniis
1572 2211 1647 2252 cfr.

144 2270 198 2320 DV.
229 2279 296 2321 Or.
326 2280 390 2321 IV
421 2281 447 2321 9
486 2281 738 2322 lacessentes
768 2281 804 2321 si
833 2280 1039 2322 auderent
1068 2280 1121 2321 ad
1153 2279 1396 2321 bellandum
1427 2278 1647 2333 Trojanos.

135 2346 207 2393 »IV
223 2348 278 2393 10
307 2348 548 2404 operientes
578 2349 615 2391 si
635 2348 906 2405 egrederetur
926 2347 1152 2390 Achillem.
1202 2346 1264 2390 IV
1282 2348 1333 2389 19
1359 2346 1647 2389 Alexandrum

142 2409 314 2462 lacessit
355 2418 389 2459 si
428 2418 601 2459 auderet
639 2419 865 2472 sagittario
905 2418 1156 2469 certamine,
1196 2416 1237 2457 V
1271 2418 1290 2457 1
1338 2416 1536 2457 omnibus
1574 2431 1646 2457 ex-

140 2485 412 2540 pectantibus
443 2486 602 2535 audire,
633 2487 667 2528 si
699 2486 793 2541 quis
824 2486 974 2528 modus
1004 2486 1138 2528 tantis
1159 2484 1282 2527 malis
1305 2483 1439 2527 fieret.
1490 2483 1535 2528 Si
1552 2483 1646 2526 Sev.

30 2588 42 2611 ᾗ
72 2610 74 2613 .
141 2552 310 2605 (2154,
330 2555 356 2595 2
386 2555 582 2605 consulit,
613 2556 649 2596 si
677 2556 781 2609 quid
811 2557 903 2609 spei
919 2555 1363 2608 forsitansuperesset.
1410 2552 1598 2603 G.1145‚
1621 2555 1646 2595 3

85 2614 109 2644 Ψ
139 2621 366 2678 opperiens
394 2623 662 2677 imperatoris
691 2624 969 2675 voluntatem,
1000 2623 1035 2666 si
1064 2623 1247 2666 forsitan
1280 2653 1289 2662 .
1324 2654 1332 2662 .
1366 2656 1374 2663 .
1407 2621 1645 2676 juberetur.

0 2677 77 2746 Ξ»
136 2688 296 2744 ›Itaque
318 2691 494 2732 verbum
528 2695 831 2746 »paterentur«
868 2706 955 2734 non
986 2693 1090 2734 ad»
1070 2691 1458 2747 »oportunitates-<-
1449 2721 1460 2739 ‚
1490 2691 1564 2732 secl
1593 2691 1647 2733 ad

0 2756 81 2814 β
119 2754 354 2818 'Vagenses
393 2758 610 2813 pertinere·
650 2765 695 2802 et
732 2775 828 2804 cum
857 2760 997 2804 verbis
1042 2758 1304 2815 »temptandi
1346 2758 1511 2816 gratia«
1544 2772 1646 2801 cou-

10 2850 85 2892 ἦ
102 2837 114 2881 f
129 2821 401 2883 jungendum
430 2841 520 2869 esse
549 2841 601 2869 ex
631 2829 918 2872 imitatoribus
947 2829 1215 2872 Sallustianis
1244 2827 1346 2869 satis
1376 2827 1526 2873 elucet,

71 3016 77 3020 .
77 3007 159 3025 ,,,,,,,,,
