1864 3042
109 316 113 319 ·
179 308 217 344 lo
228 308 392 346 membra
403 308 632 354 possuissem,
645 306 904 353 utplerumque
963 309 1099 349 sce,bat
1124 309 1187 343 ubi
1210 310 1366 356 cognitis
1392 272 1618 352 Bomilomss
1621 305 1741 356 'fii

905 53 961 97 64
1697 106 1702 110 ,
1772 105 1799 114 .-

409 164 435 191 ’Ὶ
476 205 478 207 ’
513 167 538 222 g
569 167 595 209 2
1180 163 1281 223 Jug.
1316 167 1382 219 71,
1412 168 1443 208 -2
1603 186 1613 192 -
1641 213 1648 215 Δ
1678 147 1801 193 ³⁵

179 270 262 297 oum
280 260 432 307 hum
444 261 556 296 “mnu
570 267 714 307 ΜΒΟΓΘ
738 260 775 295 in
792 261 902 297 lectu·
962 261 1121 297 exercito
1134 271 1288 307 corpore
1304 259 1438 298 fessus
1428 273 1465 298 m
1483 258 1591 298 lecto
1592 233 1765 308 me³
1753 246 1761 254 Ἤ

179 367 223 391 ex
256 355 511 405 maestitudine
532 356 642 400 solet,
667 366 812 410 somnus
837 356 902 390 ob·
964 334 1190 401 sidiisp⁹rimo
1198 367 1296 401 cura,
1312 357 1456 399 deinde,
1470 354 1739 417 ιιῑίιόὰτιιήι,

180 403 294 448 repsit
434 412 437 415 ’
685 444 687 446 ,
964 403 1123 438 animum
1149 401 1243 438 solet
1266 415 1412 440 somnus
1434 404 1546 451 cepit,

180 491 250 534 sed
281 493 414 535 etiam
442 476 691 557 quae—apud
721 491 971 535 Sallustium
1011 495 1266 547 sequuntur,
1308 494 1392 536 alio
1422 493 1568 538 Severi
1581 461 1692 536 loco
1772 522 1798 542 μ

180 560 313 603 libere
343 558 560 616 translata
580 559 682 610 sint,

380 683 742 739 Jug.71‚3-4.
1173 683 1390 735 o.1113‚
1428 687 1462 727 1

257 778 349 813 Erat
382 778 416 813 ei
439 778 597 813 Numida
626 778 771 823 quidam
797 789 907 824 nego·
1015 777 1091 822 Qua
1100 780 1315 824 tempestate
1328 779 1586 815 Mardochaeus
1596 780 1692 815 inter

181 825 315 860 tiorum
346 827 522 869 narrator,
552 824 644 860 fidus
668 827 908 870 acceptusque
969 825 1156 869 proximos
1181 825 1279 870 regis
1303 828 1395 866 erat,
1419 837 1487 871 pro
1505 826 1693 872 virilipor-
1800 855 1804 859 ,
1834 859 1838 872 2

182 875 220 906 et
234 871 395 907 omnium
410 852 644 906 consiliorum
664 873 734 906 nisi
748 872 906 907 novissu-
968 872 1068 906 tione
1103 872 1333 915 negotiorum
1364 872 1592 908 familiarium
1629 884 1689 909 cu·
1733 896 1738 901 -
1799 908 1801 911 ⁴
1835 894 1838 909 l
1856 883 1860 889 ·

181 919 232 954 mi
255 917 450 963 particeps.
499 918 567 962 Qui
591 944 601 953 .
616 944 625 953 .
642 919 828 964 ‚cognitis
852 919 906 953 in-
967 919 1076 958 rator,
1108 917 1139 952 is
1161 919 1379 963 compositas
1403 931 1424 955 a
1447 919 1587 955 duobus
1609 930 1692 964 spa-

181 965 283 1001 sidiis
306 965 353 1000 ad
376 975 499 1010 regem
526 966 645 1011 pergit
967 965 1120 1000 donibus
1144 965 1223 1010 regi
1245 965 1393 1002 insidias
1423 965 1646 1013 prodiderat,

182 1072 268 1100 non
309 1058 576 1107 dubitamus,
619 1059 724 1113 quin
754 1059 884 1101 verba
927 1071 1185 1112 »somnoque
1216 1058 1404 1100 excitus«
1437 1072 1460 1099 e
1489 1057 1692 1106 Sallustio

181 1129 403 1183 desumpta
443 1129 542 1169 sint.
603 1128 755 1183 Itaque
795 1128 958 1170 codices
995 1129 1163 1169 nostros
1193 1127 1476 1170 Sallustianos
1518 1141 1691 1183 prorsus

180 1197 371 1250 integros
400 1210 490 1238 esse
520 1196 766 1245 statuimus;
800 1196 1045 1238 Diomedem
1069 1197 1227 1246 autem,
1258 1210 1518 1251 quamquam
1534 1195 1690 1238 Severo

181 1265 386 1320 librisque
431 1264 606 1308 Sallusti
651 1266 861 1307 vetustate
911 1265 1155 1319 praecellit,
1207 1265 1549 1319 posthabendum
1592 1279 1693 1316 esse,

184 1335 342 1389 quippe
355 1334 491 1388 quiea
505 1348 612 1388 quae
628 1335 1005 1388 grammaticorum
1023 1333 1193 1374 illorum
1211 1334 1385 1387 propria
1405 1333 1488 1375 fuit
1503 1328 1694 1377 socordia

182 1404 311 1457 atque
342 1401 628 1457 indiligentia,
658 1402 705 1444 in
721 1401 923 1444 Sallustio
940 1401 1151 1444 laudando
1167 1403 1358 1444 versatus
1380 1415 1469 1444 esse
1485 1393 1690 1456 videatur.

789 1553 1085 1609 Jug.85‚47.

297 1675 343 1720 O.
365 1676 538 1730 Marius,
570 1680 618 1719 ut
643 1678 913 1732 juventutem
940 1677 1138 1719 militaris
1167 1677 1319 1719 aetatis
1339 1677 1539 1719 accendat
1564 1690 1691 1733 »ego-

180 1747 308 1796 met«,
340 1747 413 1797 ait,
448 1747 519 1787 »in
546 1747 715 1801 agmine
738 1749 813 1788 aut
843 1747 887 1788 in
909 1746 1071 1800 proelio
1102 1746 1319 1787 consultor
1349 1746 1461 1787 idem
1486 1747 1530 1787 et
1556 1746 1694 1787 socius
1740 1803 1744 1806 θ
1793 1741 1795 1743 ’

180 1814 378 1868 periculis
411 1815 628 1857 vobiscum
658 1816 829 1857 adero«.

294 1881 457 1923 Utrum
482 1882 538 1924 Vi
582 1883 841 1937 scripturam
890 1883 1168 1937 »periculis«,
1213 1896 1268 1923 an
1318 1882 1549 1937 »periculi«
1596 1881 1694 1924 reli-

179 1963 362 2003 quorum
392 1950 582 1992 codicum
613 1964 753 1993 veram
785 1964 872 1992 esse
903 1951 1195 1992 existimemus
1223 1950 1495 2004 dijudicaturi
1524 1949 1579 1992 ab
1597 1947 1694 1993 i'mi-

179 2017 393 2058 tatoribus
423 2017 707 2059 destituimur.
769 2017 950 2060 Severus
979 2018 1107 2071 enim,
1137 2018 1211 2072 qui
1241 2018 1292 2060 de
1321 2018 1447 2069 libro,
1484 2032 1610 2073 quem
1639 2018 1690 2071 de
1725 2033 1733 2073 j

179 2084 268 2125 vita
309 2083 455 2126 Sancti
498 2084 677 2126 Martini
731 2086 1059 2141 conscripserat,
1116 2084 1440 2127 Postumianum
1483 2085 1693 2139 quendam
1723 2102 1735 2105 ⁷

179 2154 425 2207 loquentem
453 2154 579 2196 facit:
1686 2149 1690 2152 ¹

409 2223 462 2265 D.
494 2223 528 2264 Ι.
561 2223 628 2274 23,
668 2223 694 2263 2
737 2221 830 2264 »hic
861 2221 965 2263 mihi
994 2223 1112 2263 terra
1140 2235 1189 2263 ac
1221 2222 1330 2263 mari
1361 2235 1514 2275 comeS,
1546 2221 1615 2264 hic
1643 2221 1689 2264 in

410 2292 757 2345 peregrinatione
788 2292 880 2332 tota
910 2290 1048 2331 socius
1077 2291 1122 2330 et
1150 2290 1392 2331 consolator
1419 2290 1544 2341 fuit«,

177 2359 356 2414 nullum,
396 2360 510 2414 quod
541 2358 800 2401 Sallustiano
831 2359 896 2400 illi
929 2359 1172 2414 »periculo«
1206 2358 1470 2414 respondeat,
1517 2359 1692 2402 exhibet

177 2428 504 2468 substantivum.
566 2428 649 2469 Sed
686 2428 799 2469 idem
825 2429 913 2468 -ille
943 2441 1088 2469 vocem
1120 2428 1392 2469 »consultor«
1422 2427 1572 2469 falsam
1602 2443 1691 2471 esse

176 2495 456 2537 demonstrat.
516 2495 714 2537 Absurde
744 2495 858 2537 enim
889 2494 1048 2537 Marius
1077 2495 1300 2546 militibus,
1329 2509 1373 2537 se
1404 2495 1691 2539 consultorem
1756 2504 1770 2531 Γ

175 2564 229 2604 iis
258 2563 364 2615 fore,
396 2564 625 2619 promittit,
656 2564 698 2604 id
735 2564 851 2604 enim
882 2563 986 2605 adeo
1015 2563 1243 2617 cujuslibet
1271 2564 1389 2605 ducis
1425 2565 1509 2613 est,
1547 2565 1596 2606 ut
1624 2564 1691 2607 vel

177 2632 352 2673 minime
397 2633 563 2674 animos
609 2632 794 2674 militum
836 2632 1122 2686 promptiores
1163 2631 1216 2674 ad
1255 2631 1500 2674 bellandum
1529 2631 1730 2684 reddat..
1774 2637 1776 2639 ’

177 2699 345 2742 etiamsi
375 2700 542 2750 diserte,
586 2714 630 2741 se
660 2699 742 2741 hoc
773 2700 1093 2754 praestiturum,
1133 2700 1400 2754 polliceatur.
1462 2698 1583 2749 Quod
1611 2700 1748 2748 imi-⁴

176 2770 349 2822 perator
381 2770 428 2809 ut
457 2768 640 2820 efficiat,
681 2767 893 2810 artissima
925 2770 1117 2810 omnium
1147 2768 1340 2811 laborum
1372 2769 1594 2821 societate,
1624 2769 1740 2813 ita
