1864 3042
790 79 844 122 50

52 193 231 236 duorum
272 192 463 235 codicum
494 192 543 234 G.
576 192 625 234 Β.
656 191 848 247 vestigiis
889 191 1098 233 »inlectus
1130 192 1205 246 qui
1235 192 1408 234 virtutis
1436 193 1567 235 socie

52 263 212 304 tatem«
247 260 481 317 perfectum
524 261 711 317 „quivit‹
745 259 859 302 haud
889 259 1017 301 dubie
1048 260 1282 302 rectissime
1318 261 1566 312 restituerit,

53 332 99 373 in
129 330 316 372 Catilina
355 344 524 384 quoque
565 329 739 370 Sallusti
779 329 846 370 vel
886 330 1036 369 contra
1077 342 1224 370 omnes
1261 328 1395 370 libros
1438 342 1567 371 manu

54 400 238 453 scriptos
269 397 443 440 verbum
476 398 699 452 ›quivere‹
733 396 1042 439 restituendum
1072 396 1248 439 videtur.
1309 395 1429 445 Quod
1459 395 1568 438 mihi

55 466 225 522 quidem
255 466 335 507 hac
367 479 537 520 quoque
567 465 618 507 de
649 479 776 507 causa
806 465 902 519 jure
934 463 1093 506 factum
1125 478 1213 506 esse
1245 465 1424 515 videtur,
1456 464 1568 520 quod

54 534 280 577 Sallustius
311 534 457 576 omnia
485 547 594 588 quae
624 533 884 576 antecedunt
915 547 1001 574 una
1031 534 1151 587 quasi
1185 533 1567 589 comprehensione

54 604 301 659 complexus

288 674 314 726 ξ
345 672 372 714 4
414 673 504 714 »set
544 671 618 713 ubi
648 671 864 713 consulem
895 673 941 713 at
971 672 1140 713 tantum
1169 669 1332 713 facinus
1362 671 1569 726 inpellere

285 741 530 793 nequeunt«

58 823 146 851 non
190 809 319 850 verbo
370 822 593 863 ›possum‹
635 821 731 849 cum
776 807 1021 862 negatione,
1062 808 1134 850 sed
1164 808 1294 850 verbo
1334 809 1570 864 composito

61 892 279 932 ›nequeo‹
326 876 476 918 utitur.
538 875 687 930 Neque
728 876 911 931 denique
954 876 1046 918 fore
1088 877 1298 918 credimus
1337 879 1387 918 ut
1416 877 1571 921 nimiae

58 959 305 989 accusemur
322 945 533 995 licentiae,
564 944 677 999 quod
700 946 877 1000 propter
892 944 1072 987 cundem
1090 943 1289 1000 Septimii
1303 947 1346 987 et
1362 945 1571 988 Prisciani

57 1028 322 1064 consensum,
353 1027 461 1068 quos
480 1013 679 1055 omnibus
695 1013 817 1054 libris
832 1012 1101 1055 Sallustianis
1118 1014 1406 1069 incorruptius
1427 1016 1566 1056 totum

58 1085 199 1127 locum
239 1083 364 1125 nobis
404 1082 628 1125 tradidisse
668 1084 858 1135 constat,
900 1083 945 1124 in
984 1083 1131 1124 ordine
1161 1083 1386 1125 verborum
1417 1084 1574 1126 consti-

59 1153 219 1195 tuendo
249 1153 304 1194 ab
334 1166 384 1194 eo
415 1166 543 1206 quem
575 1152 727 1207 optimi
756 1151 920 1193 codices
952 1151 1158 1193 exhibent
1186 1152 1465 1194 recedendum
1487 1153 1571 1194 rati

59 1221 270 1266 Dietschii
316 1221 572 1276 scripturam
616 1234 778 1275 »neque
825 1221 966 1276 precio
1010 1234 1147 1275 neque
1185 1220 1352 1276 gratia«
1398 1235 1573 1276 prorsus

60 1292 293 1334 laudamus.

177 1360 330 1402 Altera
374 1358 568 1413 quaestio
611 1359 676 1400 est
715 1357 766 1399 de
804 1357 949 1400 codice
985 1356 1177 1400 Parisino
1222 1371 1264 1399 n.
1308 1358 1418 1400 1576
1456 1357 1574 1413 (P.¹).

63 1426 198 1477 Quem
228 1425 433 1478 Wirzius,
483 1425 557 1480 qui
595 1425 823 1467 novissimo
862 1426 1056 1481 tempore
1099 1425 1391 1480 quaestionem
1435 1426 1574 1469 denuo

61 1496 302 1551 proposuit,
333 1508 593 1548 quamquam
623 1508 675 1535 ex
705 1493 838 1535 eoden
870 1493 989 1535 fonte
1019 1495 1147 1548 atque
1163 1494 1404 1536 Parisinum
1429 1510 1471 1536 n.
1490 1496 1576 1537 500

62 1564 149 1622 (P.)
198 1563 368 1606 fluxisse
413 1561 633 1615 concedit,
689 1561 856 1617 saepius
911 1563 1056 1604 tamen
1111 1563 1464 1618 praestantiorem
1512 1563 1574 1607 Po

62 1635 316 1689 scripturam
356 1645 544 1673 servasse
575 1631 693 1672 dicit.
755 1630 877 1678 Quod
907 1633 1021 1673 recte
1052 1645 1147 1673 eum
1179 1633 1378 1674 statuisse
1408 1633 1573 1675 duobus

63 1701 235 1757 quidem
264 1700 370 1743 locis
401 1714 477 1756 per
505 1700 744 1742 imitatores
773 1699 1062 1742 confirmatur.

688 1831 779 1874 Cat.
811 1833 879 1883 28,
913 1834 952 1873 2.

180 1922 358 1965 »Curius
398 1922 473 1963 ubi
502 1922 734 1977 intellegit,
778 1924 988 1977 quantum
1020 1923 1199 1977 periculi
1228 1925 1393 1966 consuli
1423 1924 1576 1978 inpen-

64 1992 181 2044 deat,
227 2004 408 2046 propere
440 2004 516 2045 per
546 1989 742 2031 Fulviam
773 1989 966 2032 Ciceroni
1004 1989 1169 2041 dolum,
1215 1991 1288 2046 qui
1331 1991 1577 2046 parabatur,

65 2059 300 2102 enuntiat«
325 2058 336 2063 “

180 2126 231 2168 Pi
270 2128 525 2182 scripturam
557 2127 845 2182 »periculum«
878 2125 1106 2176 Jordanus,
1146 2127 1476 2169 studiosissimus
1505 2128 1577 2169 ille

66 2195 115 2237 Pi
156 2197 364 2246 sectator,
405 2195 588 2250 recepit3
629 2198 675 2237 at
711 2198 862 2238 contra
892 2195 1150 2246 Dietschius,
1189 2196 1263 2251 qui
1293 2196 1463 2250 quidem
1495 2211 1579 2251 qua

66 2265 283 2319 permotus
324 2263 380 2305 sit
419 2277 546 2305 causa
577 2278 664 2306 non
694 2264 870 2319 adjecit,
910 2266 954 2307 et
982 2263 1165 2306 Wirzius
1196 2265 1424 2319 ›periculi‹
1453 2266 1580 2308 scribi

64 2332 310 2375 maluerunt
339 2333 568 2374 secundum
601 2333 709 2374 Pum
727 2335 751 2374 ¹.
814 2333 947 2387 quue
974 2333 1071 2387 jure
1101 2347 1173 2374 eos
1203 2333 1349 2375 fecisse
1379 2349 1401 2375 e
1424 2348 1580 2389 magno

65 2401 358 2456 exemplorum
402 2415 511 2455 quae
542 2416 582 2456 p.
615 2403 670 2444 44
711 2402 970 2445 contulimus
1011 2416 1189 2444 numero
1230 2402 1332 2444 satis
1376 2417 1581 2459 apparere

63 2470 253 2521 videtur,
295 2470 546 2524 praesertim
585 2484 682 2511 cum
720 2471 957 2512 imitatores
999 2471 1080 2512 hac
1124 2485 1294 2525 quoque
1332 2472 1378 2512 in
1408 2486 1453 2513 re
1485 2485 1580 2514 cum

66 2537 374 2581 consuetudine
403 2536 661 2582 Sallustiana
691 2539 932 2582 consentire
962 2538 1299 2581 demonstratum
1330 2540 1398 2582 sit.

664 2647 765 2703 Jug.
801 2648 897 2700 114,
929 2649 969 2690 4.

181 2735 284 2778 Jure
315 2735 555 2778 Dietschius
595 2737 638 2778 in
671 2737 744 2787 eis,
790 2751 899 2791 quae
929 2738 972 2778 in
1007 2738 1091 2780 fine
1122 2738 1223 2780 belli
1254 2737 1501 2794 Jugurthini
1531 2739 1582 2782 de

65 2801 205 2846 Mario
236 2803 460 2847 dicuntur:
