1864 3042
322 192 423 237 Sall.
453 194 549 252 Jug.

917 84 971 125 13

777 156 779 158 Ι
835 196 949 243 Diet.
981 196 1051 240 Cr.
1368 195 1410 242 S.
1440 194 1534 242 Sev.

214 297 274 344 18)
299 299 330 335 si
351 299 435 335 huic
459 300 597 346 inperio
611 300 772 335 for-111
798 302 843 336 14
868 302 898 336 si
920 300 1063 337 fortuna
1087 301 1124 335 in
1149 312 1187 336 se

189 347 277 383 tum
299 350 509 391 mutaretur,
533 359 603 383 una
624 359 681 384 oc·
697 352 1073 393 casummutaret‚una
1081 351 1187 394 atque

190 393 383 430 uidendum
405 396 510 431 nobis
535 406 612 431 esse

697 395 838 450 eadem·
869 397 1052 442 sepultura
1089 423 1098 432 .
1136 423 1145 432 .
1178 421 1188 432 .

697 446 842 488 contegi

215 489 275 534 21)
299 488 337 524 in
349 489 413 526 has
429 490 590 526 miserias
602 502 682 536 pro·
719 490 772 525 III
789 492 829 526 21
859 490 898 525 in
910 489 1016 527 hasce
1028 489 1188 527 miserias

185 535 304 581 jectus
326 548 405 572 sum

215 582 276 627 22)
299 584 368 620 tibi
393 611 402 620 .
430 611 438 620 .

697 538 845 573 deduxit

462 609 472 621 .
497 584 592 621 unde
615 584 682 620 mi·
711 585 800 620 1115
815 584 1188 629 circumventusaqui-

188 641 296 667 nume
314 632 446 679 decuit,
469 633 545 668 vita
560 636 683 679 erepta
697 634 764 668 bus
788 633 938 667 minime
950 632 1119 668 decuerat
1136 633 1188 667 in·

189 681 245 713 est

697 681 806 723 digno
831 680 939 715 modo
963 679 1100 715 interiit

212 725 420 762 laetandum
444 727 561 773 magis
576 739 680 773 quam
718 728 753 762 II
771 730 815 762 22
841 727 1032 762 dolendam
1045 727 1188 762 hercule

194 773 391 809 dolendum
433 779 523 820 puto
560 787 680 812 casum
697 776 809 811 vicem
825 778 981 811 vestram
1004 777 1104 820 puto,
1128 775 1187 819 qui

188 822 289 856 tuum

211 868 273 913 23)
297 871 353 904 set
382 868 504 913 fugam
538 869 680 904 exilium
717 870 770 905 ΙΙΙ
796 872 838 905 21
869 869 926 904 cui
948 868 1078 904 misero
1105 879 1187 904 con·
1206 868 1252 904 ‘C
1276 868 1311 903 II
1340 870 1394 913 11,
1413 870 1434 904 3
1459 871 1536 904 tum
1555 868 1616 904 ille
1630 868 1692 905 ad-

188 919 399 960 egestatem,
423 920 478 951 set
490 917 606 951 omnis
619 917 680 951 has
696 918 856 962 fectoque
869 916 1091 951 maeroribus
1108 927 1184 951 om·
1202 927 1302 951 versa
1327 916 1444 962 gentis
1460 927 1543 951 suae
1567 919 1604 950 et
1620 916 1691 951 rui-

187 973 278 1006 quae
292 974 351 997 me
362 966 533 1008 premunt
543 974 679 998 aerum·
693 976 756 999 nes
800 974 987 999 aerumnas
1002 988 1011 1004 ‚
1059 964 1185 1007 quibus
1199 975 1283 998 nam
1339 963 1494 998 civitatis
1548 963 1690 1009 deflere,

187 1020 250 1043 nas
261 1021 341 1045 cum
351 1010 470 1044 anima
480 1010 586 1044 simul
594 1011 679 1045 ami·
693 1023 786 1047 nunc
795 1011 982 1055 depressus
988 1009 1184 1045 infelicissi—
1198 1021 1288 1054 quae
1314 1036 1321 1044 .
1337 1037 1346 1045 .

324 1057 371 1091 At
396 1068 463 1102 ego
483 1057 618 1097 infelix,
642 1058 678 1091 in
694 1070 791 1092 mum
822 1057 1067 1102 spectaculum
1091 1068 1182 1092 mor·
1199 1059 1313 1092 lorum
1329 1057 1586 1102 testimonium,
1610 1068 1689 1102 spe-

188 1055 276 1091 sisti.

1371 1037 1379 1045 .
1400 1011 1476 1045 solo
1489 1013 1602 1045 strata
1613 1021 1689 1046 ma-

185 1105 288 1138 tanta
311 1104 407 1139 mala
425 1105 678 1149 praecipitatus
692 1106 821 1140 talibus
833 1105 1001 1150 praebeo,
1020 1115 1101 1139 cum
1114 1104 1182 1139 hoc
1196 1104 1375 1139 ctaculum
1402 1104 1556 1140 inimicis
1587 1115 1690 1149 prae·

186 1161 230 1184 ex
253 1151 370 1195 patrio
395 1162 526 1195 regno,
557 1163 676 1186 rerum
692 1154 821 1197 exiguo
885 1152 1013 1196 spiritu
1076 1152 1179 1187 simul
1197 1153 1299 1187 beret

186 1197 420 1233 humanarum
433 1199 676 1244 spectaculum
692 1200 827 1235 auferes

184 1246 342 1290 praebeo

208 1293 307 1337 cujus
320 1293 413 1328 vitae
437 1293 603 1338 necisque
615 1305 677 1338 po—

184 1341 295 1375 testas
327 1352 371 1376 ex
395 1341 523 1386 opibus
554 1341 677 1377 alienis

184 1388 319 1432 pendet

408 1436 466 1470 15.

209 1480 246 1526 2)
270 1493 401 1529 magna
425 1493 528 1528 pars,
562 1481 678 1527 gratia

182 1528 378 1576 depravata
399 1557 408 1566 .
421 1556 430 1565 .
445 1556 453 1566 .
469 1530 678 1567 nitebantur

211 1671 247 1715 3)
271 1674 310 1706 at
333 1674 460 1707 contra
483 1670 588 1716 pauci

204 1718 332 1763 quibus
345 1719 478 1754 bonum
500 1722 536 1753 et
549 1729 675 1753 aecum

180 1765 314 1801 divitiis
339 1767 454 1802 carius
479 1768 566 1810 erat,
594 1792 602 1801 .
629 1792 637 1800 .
664 1791 673 1800 .

181 1823 302 1848 severe
360 1814 460 1848 vindi
519 1813 673 1848 candum

179 1860 384 1907 censebant,
415 1863 470 1896 set
494 1871 537 1895 ex
560 1860 673 1895 omni·

181 1907 248 1943 bus
261 1920 427 1944 maxume
440 1909 492 1944 M.
504 1909 672 1944 Aemilius

178 1953 328 1991 Scaurus

201 2002 310 2038 homo
343 2002 494 2050 nobilis,
532 2002 672 2049 inpiger

175 2049 346 2086 factiosus

205 2098 335 2134 callide
361 2099 545 2134 occultans

380 2190 383 2193 ”
401 2193 457 2228 16.

1217 1293 1248 1328 D
1274 1292 1292 1327 I
1328 1295 1383 1337 10,
1420 1295 1438 1328 1
1472 1303 1537 1338 per
1567 1294 1687 1330 omnia

1194 1340 1241 1375 ad
1264 1343 1389 1375 nutum
1412 1340 1508 1375 illius
1531 1344 1688 1386 potesta-

1194 1390 1336 1432 temque
1360 1387 1518 1433 pendere

1217 1481 1243 1516 C
1254 1481 1289 1516 Π
1314 1484 1347 1527 5,
1367 1485 1388 1517 2
1405 1482 1500 1526 quod
1517 1493 1602 1517 cum
1614 1492 1688 1517 cer-

1193 1529 1297 1564 tatim
1330 1529 1374 1564 ab
1407 1529 1591 1570 omnibus,
1627 1528 1686 1564 de-

1193 1577 1349 1621 pravatis
1384 1577 1587 1613 adulatione
1611 1588 1685 1612 om-

1193 1624 1290 1657 nium
1316 1624 1456 1667 animis,
1479 1624 1582 1659 fieret

711 1664 762 1703 IV
787 1664 808 1699 5
839 1666 877 1701 at
901 1667 1026 1701 contra
1052 1664 1177 1701 Graeci
1216 1670 1242 1706 C
1256 1670 1291 1705 11
1313 1673 1368 1716 30,
1394 1673 1415 1705 7
1433 1674 1472 1706 at
1483 1674 1610 1707 contra
1623 1671 1685 1706 alii

1216 1718 1241 1753 C
1253 1719 1288 1752 ΙΙ
1303 1720 1358 1759 37,
1385 1720 1405 1753 7
1420 1721 1535 1763 pauci,
1553 1720 1684 1764 quibus

1191 1764 1278 1800 fides
1291 1777 1371 1802 cara
1379 1769 1415 1800 et
1423 1767 1552 1801 veritas
1563 1767 1682 1812 potior

1191 1816 1280 1856 erat,
1313 1814 1486 1858 injustum
1509 1815 1681 1859 judicium

1192 1871 1264 1895 non
1307 1865 1539 1905 receperunt:
1587 1862 1681 1896 inter

1190 1919 1277 1953 quos
1299 1908 1466 1944 Paulinus

1213 2001 1240 2037 C
1264 2002 1391 2047 1140,
1426 2004 1450 2038 4
1485 2002 1595 2040 homo
1628 2003 1681 2039 in·

1189 2052 1316 2095 potens
1341 2054 1378 2086 et
1401 2050 1571 2087 factiosus

1212 2097 1239 2132 C
1263 2098 1298 2132 II
1320 2100 1375 2144 12,
1402 2101 1423 2134 2
1437 2099 1568 2135 callide
1579 2098 1681 2134 dissi·

1188 2145 1327 2181 mulans

202 2238 238 2283 3)
258 2238 378 2275 dando
403 2243 439 2275 et
463 2238 667 2285 pollicendo
705 2236 736 2274 V
750 2237 794 2272 14
811 2236 969 2283 singulos
978 2235 1171 2272 ambiundo
1210 2237 1236 2273 O
1268 2237 1303 2272 II
1336 2239 1399 2284 48,
1439 2239 1460 2274 5
1491 2240 1678 2287 largiendo

174 2286 289 2321 multa
312 2286 475 2334 perfecit,
509 2287 562 2323 uti
587 2314 595 2323 .
623 2314 631 2323 .

174 2333 370 2370 anteferret

198 2428 234 2472 2)
268 2427 314 2463 de
353 2384 526 2465 eisl7fiaut
560 2428 664 2464 facile

173 2478 386 2520 conpertum
410 2477 630 2514 narraverim

206 2613 241 2661 6)
275 2615 461 2662 plerosque
499 2619 662 2653 senectus

169 2661 334 2700 dissolvit

190 2757 315 2795 bestiis
337 2757 504 2795 interiere

658 2314 665 2322 .
681 2285 886 2330 orandoque
895 2285 942 2320 ad
950 2287 1170 2330 postremum
1185 2288 1224 2320 et
1238 2285 1439 2328 ,ambiendo
1465 2315 1474 2324 .
1494 2314 1504 2324 .

1525 2315 1534 2324 .
1558 2290 1681 2335 cupita

680 2333 893 2378 perfecerat,
916 2333 969 2368 uti
1186 2336 1439 2378 extorquerent

1207 2428 1246 2463 M
1285 2430 1302 2464 1
1318 2454 1326 2470 ‚
1381 2430 1403 2464 9
1458 2441 1574 2476 neque
1619 2443 1678 2469 me

1183 2476 1371 2520 quicquam
1382 2476 1451 2512 nisi
1464 2481 1677 2524 conpertum

1184 2527 1220 2557 et
1255 2524 1451 2568 probatum
1492 2527 1675 2572 scripsisse

1183 2570 1403 2605 arbitrentur
1421 2571 1485 2608 cfr.
1502 2573 1560 2609 DI
1577 2574 1631 2615 15,
1655 2576 1672 2609 1

1204 2617 1237 2652 D
1261 2617 1279 2652 Ι
1297 2619 1353 2660 16,
1378 2620 1400 2653 2
1424 2629 1507 2654 cum
1521 2622 1677 2657 vomitus

1185 2691 1193 2699 .
1219 2690 1228 2699 .
1257 2691 1266 2699 .
1290 2665 1432 2702 animae
1458 2667 1582 2704 sedem
1605 2668 1676 2705 dis·

1181 2712 1336 2747 solveret

700 2758 750 2796 VI
765 2759 788 2793 4
812 2769 933 2795 morsu
948 2759 1166 2805 serpentium
1205 2758 1280 2794 CII
1293 2760 1351 2801 26,
1365 2762 1387 2796 2
1399 2761 1536 2799 laniatu
1544 2773 1674 2799 canum

673 2806 859 2844 interierat
1180 2806 1367 2845 interirent
