1864 3042
910 163 964 205 55

159 277 275 320 varie
314 277 358 317 et
387 276 585 329 corrupte
616 274 774 316 tradita
813 277 934 324 sunt3
975 273 1060 315 Pus
1088 274 1201 315 enim
1231 273 1402 316 exhibet
1435 273 1667 316 »Lentulus

162 347 206 388 et
233 343 443 393 indices«;
491 357 592 398 »per
615 342 803 398 judiees«
838 343 933 393 {ma
976 356 1078 398 »per
1107 343 1317 385 vindices<
1351 342 1431 391 (ἃς
1477 342 1667 397 plerique

162 414 316 455 omissa
346 411 659 466 praepositione
692 411 945 453 »vindices«.
1004 410 1102 452 Jam
1120 424 1217 452 cum
1234 411 1285 452 ad
1302 425 1474 452 manum
1491 409 1666 452 Sallusti

163 479 466 536 expediendam
512 494 534 521 e
575 479 788 521 codicibus
828 479 933 521 nihil
979 479 1102 521 nobis
1146 480 1290 521 veniat
1333 479 1502 529 auxilii,
1551 480 1664 521 recte

163 547 406 591 Dietschius
436 563 477 603 p.
511 548 563 590 71
595 547 725 590 verba
767 547 979 591 »vindices
1010 562 1150 590 rerum
1188 548 1463 604 capitalium«
1493 547 1666 599 delevit,

162 617 411 673 praesertim
440 630 534 658 cum
562 631 649 659 non
678 631 822 659 eorum
853 617 992 668 fuerit,
1034 617 1107 660 sed
1137 618 1408 669 cornificum,
1440 617 1663 660 damnatos

163 700 292 728 manu
321 686 563 740 percutere,
594 687 723 727 verba
752 688 900 728 autem
933 687 1113 741 »quibus
1145 689 1418 742 praeceptum
1454 687 1587 735 erat«,
1630 685 1665 726 si

163 753 216 796 ad
245 753 431 797 vindices
473 768 615 795 rerum
654 755 899 809 capitalium
941 755 1195 806 referuntur,
1242 769 1416 810 prorsus
1457 754 1668 810 superflue

164 823 384 865 addantur.
463 821 621 863 Contra
665 823 883 878 aptissime
939 823 1157 866 cornifices
1208 838 1284 878 per
1327 823 1665 878 euphemismum

167 890 348 946 »quibus
393 891 665 945 praeceptum
710 893 827 932 erat«
869 892 1077 947 appellari
1119 905 1274 947 negare
1304 906 1392 934 non
1433 905 1667 947 possumus.

166 957 282 1009 Quae
317 959 518 1014 loquendi
556 959 667 1001 ratio
709 974 783 1014 per
813 959 1063 1015 Septimium
1103 959 1369 1011 defenditur,
1416 960 1489 1015 qui
1520 960 1668 1002 iisdem

165 1029 252 1070 fere
283 1027 421 1070 verbis
450 1028 685 1082 subjectum
715 1042 791 1082 per
820 1028 1026 1070 ambitum
1057 1028 1255 1069 enuntiat

392 1096 433 1139 V
462 1097 489 1138 4
521 1097 702 1151 »quibus
732 1097 989 1152 imperatum
1014 1099 1106 1139 erat
1134 1097 1187 1139 ad
1216 1112 1344 1139 naves
1374 1097 1592 1140 veniunt«.

279 1166 416 1209 Verba
445 1167 577 1220 igitur
610 1166 819 1208 »vindices
841 1180 983 1208 rerum
1007 1166 1277 1220 capitalium«
1297 1180 1322 1206 a
1336 1168 1668 1208 commentatore

165 1234 351 1290 quodam
376 1235 422 1276 in
452 1234 638 1289 margine
667 1234 880 1289 adscripta
907 1235 955 1276 in
984 1236 1147 1277 textum
1176 1235 1393 1290 irrepsisse
1431 1237 1475 1276 et
1503 1235 1667 1285 deinde,

166 1317 261 1345 cum
300 1317 425 1345 sensu
466 1317 636 1358 prorsus
674 1304 890 1354 carerent,
936 1302 989 1345 ab
1028 1301 1122 1344 aliis
1152 1302 1235 1343 alia
1264 1303 1431 1345 ratione
1461 1303 1543 1345 toti
1574 1302 1668 1345 loco

167 1371 437 1414 accomodata
466 1386 555 1413 esse
583 1371 856 1426 suspicamur.

184 1445 187 1447 ’
280 1439 333 1482 In
373 1440 426 1481 iis
470 1441 632 1490 autem,
679 1454 786 1494 quae
826 1439 1084 1481 antecedunt
1140 1454 1272 1494 »quae
1317 1439 1368 1481 ad
1413 1439 1669 1495 subplicium

168 1508 437 1563 postulabat«
470 1510 518 1549 ut
548 1522 642 1550 cum
673 1507 890 1550 Dietsshio
921 1508 1233 1550 consentiamus
1263 1508 1515 1562 persuadere
1545 1508 1669 1551 nobis

168 1590 256 1618 non
294 1590 527 1631 possumus.
586 1575 698 1617 Nam
742 1576 908 1618 etiamsi
948 1576 1107 1630 majore
1137 1575 1188 1617 Pi
1231 1577 1274 1618 et
1304 1575 1384 1617 Pi¹
1414 1578 1667 1619 auctoritate

168 1647 217 1686 ut
254 1645 612 1700 praepositionem
646 1645 750 1687 »ad«
798 1646 948 1687 ceteris
978 1645 1216 1695 codicibus,
1257 1645 1331 1700 qui
1361 1660 1455 1687 eam
1483 1661 1570 1687 non
1600 1660 1670 1688 ex-

166 1714 331 1765 hibent,
362 1713 620 1769 posthabitis
649 1714 906 1756 retineamus
926 1713 1154 1769 efflagitari
1173 1713 1349 1765 videtur,
1379 1716 1524 1756 tamen
1544 1715 1671 1756 omis-

168 1797 257 1824 sam
297 1782 656 1838 praepositionem
696 1783 993 1824 consuetudini
1035 1781 1319 1824 Sallustianae
1364 1783 1525 1837 optime
1569 1797 1672 1825 con-

167 1852 312 1895 venire
351 1852 405 1893 ab
443 1852 536 1907 ipso
567 1851 785 1894 Dietschio
815 1851 1038 1907 permultis
1067 1851 1327 1893 illustratum
1359 1853 1424 1893 est
1453 1853 1667 1907 exemplis,

167 1919 301 1968 Quem
339 1935 561 1962 numerum
603 1934 654 1961 ex
693 1922 875 1974 utroque
904 1920 1119 1961 imitatore
1148 1933 1306 1974 augere
1335 1934 1557 1974 possumus
1587 1921 1667 1962 cfr.

167 1987 220 2029 D.
250 1988 317 2030 Cr.
349 1988 393 2030 II
429 1989 482 2030 35
513 2002 581 2030 res
611 1988 825 2043 postulare
854 1987 1035 2030 videtur.
1094 1987 1156 2030 IV
1190 1988 1241 2028 13
1279 1988 1344 2029 uti
1374 2001 1441 2029 res
1470 2001 1669 2042 exposce-

167 2056 256 2098 bat.
312 2056 355 2099 V
383 2057 410 2099 4
450 2071 558 2111 quae
597 2058 767 2112 tempus.
805 2057 1019 2099 monebat.
1077 2055 1098 2097 I
1127 2056 1154 2097 4
1192 2070 1300 2110 quae
1339 2057 1506 2111 tempus
1536 2057 1670 2111 patie-

168 2125 306 2166 batur.
362 2125 406 2167 ΙΙ
427 2126 478 2167 41
514 2139 620 2180 quae
649 2127 818 2180 tempus
847 2125 952 2166 anni
974 2124 1230 2179 patiebatur.
1290 2122 1330 2165 S.
1350 2123 1444 2165 Sev.
1464 2123 1507 2166 C.
1526 2124 1624 2176 112,
1642 2127 1668 2166 4

166 2202 233 2235 res
274 2194 474 2250 postulat.
534 2193 578 2237 G.
610 2194 653 2237 Π
683 2195 752 2246 28,
783 2195 809 2236 2
849 2208 917 2237 res
946 2192 1213 2236 admonebat.
1272 2191 1370 2234 Jam
1406 2206 1500 2235 cum
1530 2192 1671 2249 Septi-

167 2263 277 2304 mius
305 2264 350 2305 in
380 2263 526 2305 eadem
556 2264 730 2318 periodo

395 2331 435 2374 V
451 2332 479 2374 4
511 2333 584 2374 »at
612 2332 717 2375 lucis
746 2331 870 2374 initio
901 2330 1056 2386 quibus
1085 2330 1339 2385 imperatum
1362 2331 1453 2373 erat
1469 2330 1521 2373 ad
1538 2344 1667 2373 naves

395 2400 592 2451 veniunt,
617 2399 854 2442 vdecretum
891 2400 1045 2442 civium
1084 2399 1247 2440 cunctis
1284 2401 1481 2440 narrant:
1524 2399 1669 2453 itaque

317 2496 320 2499 <
395 2481 491 2510 cum
520 2469 615 2523 quis
643 2470 767 2511 antea
795 2468 849 2510 ad
871 2466 1175 2518 confirmanda,
1206 2481 1314 2521 quae
1337 2469 1506 2523 tempus
1526 2482 1670 2511 mone-

393 2536 481 2588 bat,
513 2538 738 2579 secedunt«

135 2633 141 2639 .
166 2617 298 2658 genus
327 2603 494 2647 dicendi
524 2604 829 2648 Sallustianum
867 2604 1058 2646 imitatus
1089 2605 1132 2646 et
1160 2603 1276 2646 dicat
1309 2618 1442 2659 »quae
1472 2606 1667 2661 tempus«

168 2671 370 2713 monebat
413 2673 456 2713 et
503 2674 684 2728 »quibus
723 2675 977 2730 imperatum
1021 2675 1160 2722 erat«,
1206 2672 1320 2714 hune
1362 2675 1502 2729 ipsum
1543 2690 1669 2730 quem

167 2740 398 2781 tractamus
416 2739 591 2784 Sallusti
620 2744 760 2786 locum
777 2744 823 2786 in
842 2744 937 2786 tota
952 2742 1125 2798 periodo
1147 2741 1451 2787 conformanda
1467 2745 1672 2790 imitatori

167 2808 436 2851 obversatum
464 2808 589 2853 fuisse
620 2813 859 2855 statuimus.
920 2810 1040 2860 Quod
1072 2810 1107 2852 si
1123 2810 1185 2852 ita
1208 2812 1285 2862 est,
1316 2813 1669 2867 praepositionem

169 2877 271 2918 ›ad‹
300 2877 394 2931 jure
425 2880 571 2920 nostro
602 2881 806 2924 delevisse
837 2881 960 2923 nobis
990 2880 1194 2923 videmur.
