1864 3042
855 0 861 20 ρ

851 21 859 51 l

882 122 952 165 ,65

0 224 35 273 ²2
109 274 120 280 -
166 252 215 292 ut
246 244 437 290 miserias
468 237 677 284 exercitus
707 246 732 273 a
760 245 804 272 se
834 241 922 276 non
951 231 1112 273 alienas
1139 243 1227 272 esse
1241 243 1329 272 non
1343 229 1482 272 verbis
1495 231 1666 272 tantum

165 313 446 361 demonstret,
490 307 563 351 sed
601 305 693 358 ipsa
722 314 767 342 re
799 299 1009 360 praestet,
1049 299 1256 363 militibus
1286 299 1506 355 proposita
1534 300 1668 341 multo

32 352 51 406 ‘¹-
82 392 84 396 '
166 386 388 431 rectiorem
426 375 687 434 ingredietur
729 370 840 411 viam
869 364 961 410 cfr
975 368 1088 412 Xen.
1113 369 1238 430 Ages.
1269 367 1307 417 V
1337 371 1361 410 3
1401 371 1475 409 καὶ
1509 369 1594 423 μὴν
1632 369 1670 410 ἒί

168 469 267 497 ποτε
293 450 511 506 μοχθῆσαι
542 441 714 497 στρατιᾷ
734 439 930 492 συμβαίη,
959 437 1069 481 sumn,
1085 436 1232 490 ἐπόνει,
1243 430 1365 493 παρὰ
1381 437 1477 485 τοὺς
1496 437 1666 486 ἄλλους,

170 521 346 578 νομίζων
373 521 516 561 πάντα
546 514 595 554 τὰ
617 510 791 551 τοιαῦτα
819 490 1106 561 πασαμυθίαν
1133 503 1257 549 εἴναι
1271 514 1356 556 τοῖς
1385 508 1667 562 στρατιώταις

169 593 330 636 Vitium
369 589 496 643 igitur
538 582 773 636 scripturae
813 577 1021 619 codicum:
1017 575 1178 635 inesse
1214 578 1404 628 videtur,
1453 581 1565 633 quod
1606 580 1669 620 fa-

170 663 323 705 cillime
361 657 544 706 tollitur,
581 652 616 693 si
647 648 826 703 vestigia
855 640 1082 690 imitatoris
1109 649 1244 692 secuti
1272 661 1350 703 pro
1383 661 1511 691 »cons
1542 650 1752 701 Ituna»

171 744 255 772 una
283 729 451 769 tantum
481 734 588 776 quae
618 718 741 760 facile
772 715 962 758 excidere
993 663 1668 780 pfflcon-

172 798 352 840 solator«
394 794 439 834 in
480 789 705 831 verborum
735 785 1088 826 Sallustianorum
1117 786 1362 826 contextum
1393 785 1664 826 restituimus

767 963 884 1017 Jug.‘
902 962 995 1011 106,
1028 962 1064 1002 2.

282 1099 424 1142 Volux
454 1098 594 1140 Sullae
635 1096 687 1137 ad
717 1094 933 1136 Bocchum
963 1092 1155 1148 profecto
1197 1093 1364 1134 obviam
1394 1094 1544 1134 missus
1575 1101 1666 1136 erat

173 1171 394 1225 copiasque
425 1183 518 1210 cum
548 1182 597 1209 eo
624 1166 838 1221 junxerat.
900 1162 1029 1205 »Post
1069 1163 1142 1204 ubi
1178 1165 1315 1204 eastra
1346 1163 1484 1205 locata
1515 1166 1557 1205 et
1584 1164 1667 1205 diei

173 1254 319 1294 vesper
347 1241 458 1287 erat,
496 1238 669 1291 repente
700 1234 871 1275 Maurus
900 1234 1060 1274 incerto
1093 1232 1209 1274 voltu
1240 1246 1396 1287 pavens
1426 1233 1477 1273 ad
1506 1232 1667 1274 Sullam

171 1308 354 1349 adcurrit
382 1306 567 1360 dicitque
598 1305 678 1346 sibi
709 1319 759 1345 ex
789 1302 1123 1357 speculatoribus
1151 1302 1379 1355 cognitum,
1409 1301 1666 1356 Jugurtham

172 1377 274 1418 haut
304 1375 450 1430 procul
481 1375 665 1416 abesse.‹<

282 1444 553 1499 Participium
605 1456 836 1498 »pavens«,
889 1442 1002 1496 quod
1045 1440 1253 1482 Linkerus
1308 1441 1426 1482 uncis
1480 1442 1664 1493 inclusit,

172 1514 360 1555 omnium.
389 1513 574 1554 codicum
606 1526 813 1553 consensu
843 1511 945 1552 adeo
969 1511 1179 1552 munitum
1209 1513 1284 1560 est,
1315 1513 1363 1551 ut
1379 1512 1474 1565 ejici
1497 1526 1667 1567 prorsus

171 1597 257 1624 non
298 1582 468 1631 debeat,
508 1582 550 1623 id
580 1581 692 1636 quod
722 1582 897 1635 insuper
927 1579 1069 1621 Severi
1099 1580 1400 1635 comprobatur
1429 1580 1667 1623 imitatione

396 1651 435 1692 D
466 1650 532 1692 III
575 1652 646 1700 15,
689 1651 716 1691 4
760 1649 1068 1691 »trementibus
1110 1649 1235 1690 labiis
1272 1649 1516 1704 incertoque
1547 1652 1667 1692 vultu

398 1720 564 1761 decolor
595 1733 696 1774 prae
726 1719 867 1760 furore
898 1718 1069 1759 rotabat
1097 1718 1267 1759 verba«.

284 1788 375 1836 Qua
410 1789 648 1829 imitatione
688 1788 801 1842 quod
831 1786 1070 1829 Dietschius
1101 1802 1141 1841 p.
1174 1788 1230 1828 94
1258 1786 1469 1829 Kritzium
1499 1792 1666 1831 secutus

171 1858 396 1899 verbum»
376 1871 581 1929 »pavere«
613 1857 664 1899 de
693 1857 877 1899 maximo
907 1858 1035 1908 metu,
1067 1856 1141 1910 qui
1162 1856 1364 1911 pallorem
1380 1859 1424 1899 et
1438 1859 1665 1901 tremorem

172 1925 345 1975 efficiat,
386 1926 584 1980 usurpari
614 1926 797 1975 monuit,
841 1925 1009 1980 egregie
1039 1924 1327 1975 confirmatur,
1367 1939 1461 1966 cum
1492 1925 1666 1969 Severus

169 1992 274 2035 illud
307 2008 513 2048 »pavens«
545 2009 621 2049 per
652 1994 870 2036 »decolor«
902 1994 1203 2048 interpretatus
1232 1994 1299 2035 sit.

287 2242 385 2285 Jam
416 2244 491 2285 ubi
521 2245 700 2301 triginta
729 2245 817 2288 fere
845 2246 949 2288 locis
978 2245 1226 2288 Sallustium
1257 2261 1352 2289 cum
1382 2247 1428 2289 L.
1461 2248 1666 2305 Septimio

169 2314 212 2353 et
237 2310 424 2367 Sulpicio
454 2312 607 2356 Severo
637 2316 923 2358 imitatoribus
953 2317 1222 2366 contulimus,
1259 2317 1467 2372 reliquum
1497 2321 1572 2368 est,
1603 2324 1664 2369 ut,

169 2392 274 2435 quae
302 2381 510 2436 invenisse
540 2383 663 2425 nobis
692 2384 921 2435 videamur,
953 2385 1096 2441 paucis
1110 2385 1525 2440 comprehendamus,
1573 2387 1666 2431 Pri-

167 2463 283 2490 mum
319 2449 453 2503 igitur
494 2466 564 2492 sex
601 2453 705 2495 locis
735 2455 869 2497 codici
904 2453 1129 2506 Vaticano,
1170 2469 1256 2496 non
1287 2454 1479 2498 Parisino
1509 2472 1551 2497 n.
1583 2459 1666 2499 500

33 2520 35 2522 ’
80 2524 91 2531 ”
133 2569 135 2573 Ι
168 2516 324 2570 primas
362 2517 605 2561 tribuendas
640 2521 920 2575 judicavimus
950 2535 1026 2564 nec
1054 2536 1143 2564 non
1172 2522 1366 2564 Parisino
1399 2523 1666 2567 Parisinum¹

167 2597 208 2624 n.
247 2583 356 2625 1576
402 2585 495 2638 plus
539 2588 678 2630 minus
718 2590 1039 2637 anteferendum
1078 2605 1166 2632 esse
1205 2592 1443 2633 statuimus.
1512 2592 1666 2636 Itidem

167 2650 433 2705 compluries,
477 2654 513 2695 si
552 2669 660 2709 quae
698 2659 950 2702 insolentius
989 2674 1014 2701 a
1042 2658 1244 2703 Sallustio
1291 2660 1403 2702 dicta
1434 2673 1521 2704 esse
1552 2662 1666 2705 vide-

165 2718 343 2771 bantur,
395 2722 602 2782 similibus
651 2727 917 2771 imitatorum
960 2730 1217 2785 comparatis
1257 2730 1480 2772 defendere
1524 2734 1666 2774 conati

36 2820 46 2823 ν,
165 2802 307 2831 sumus
335 2787 409 2831 cfr·
438 2789 528 2833 Cat.
559 2793 626 2845 20,
658 2797 684 2837 6
717 2798 787 2839 »in
818 2798 906 2841 dies
934 2799 1071 2854 magis
1100 2799 1362 2855 magisque«.
1421 2798 1522 2855 Jug.
1552 2801 1615 2851 10,
1640 2802 1661 2843 l

112 2873 127 2891 s
156 2871 379 2913 =1›ea‚res‹=.
438 2859 535 2915 Jug.
550 2862 619 2913 42,
642 2864 669 2905 4
689 2865 921 2920 »deseret«,
951 2867 1051 2922 Jug.
1075 2868 1144 2918 47,
1175 2869 1200 2908 2
1222 2867 1486 2922 »temptandi
1510 2869 1662 2923 gratia,

1795 642 1864 665 ,2³
