1864 3042
260 864 340 907 Gai
378 865 550 908 Sallusti
589 866 747 922 Crispi,
788 867 862 922 qui
899 866 1189 909 Romanorum
1228 868 1390 922 primus
1430 867 1653 911 historiam

144 934 305 976 artifice
336 935 434 977 stilo
457 937 705 991 composuit,
737 937 895 991 scripta
917 936 983 978 vel
1003 936 1056 978 ad
1075 937 1303 978 novissima-
1321 937 1481 979 mediae
1500 937 1653 979 aetatis

143 1004 338 1058 tempora
365 1019 452 1046 non
483 1006 607 1047 modo
638 1006 885 1060 frequenter
914 1005 1107 1047 lectitata
1136 1008 1237 1047 sunt
1266 1008 1308 1047 et
1337 1009 1546 1061 excerpta,
1578 1005 1652 1048 sed

144 1072 273 1114 etiam
310 1073 608 1116 illustrissimis
648 1088 788 1116 rerum
827 1074 1106 1130 scriptoribus
1146 1075 1366 1130 proposita
1396 1075 1569 1118 fuerunt
1598 1074 1652 1117 ad

142 1142 407 1184 imitandum.
479 1142 588 1191 Quid
627 1158 706 1198 ego
746 1144 815 1185 hic
843 1157 1167 1186 commemorem
1202 1143 1519 1186 Witechindum
1551 1142 1653 1186 Cor—

141 1210 376 1265 bejensem,
422 1212 522 1266 quid
566 1211 905 1255 Hersfeldensem
943 1211 1242 1265 Lambertum‚
1293 1213 1395 1269 quid
1439 1213 1652 1255 Adamum

142 1279 427 1333 Bremensem,
459 1282 560 1336 quid
579 1282 736 1323 multos
756 1282 875 1333 alios,
907 1282 1019 1337 apud
1040 1296 1145 1336 quos
1158 1282 1353 1324 lectionis
1370 1282 1651 1324 Sallustianae

142 1349 322 1404 vestigia
351 1351 634 1405 reperiuntur,
666 1366 798 1393 unum
828 1350 954 1393 liceat
984 1350 1093 1393 mihi
1129 1350 1209 1393 hoc
1239 1351 1330 1394 loco
1353 1351 1496 1407 paullo
1519 1350 1653 1406 pluri-

142 1417 221 1460 bus
248 1419 419 1462 laudare
434 1419 635 1462 Ottonem
656 1421 985 1476 Frisingensem,
1015 1421 1175 1476 quippe
1197 1422 1270 1475 qui
1291 1421 1484 1463 homines
1506 1421 1651 1463 doctos

142 1488 269 1529 etiam
291 1502 338 1531 ea
353 1490 617 1544 tempestate,
651 1504 734 1545 qua
754 1490 921 1532 litterae
939 1488 1214 1532 Germanicae
1236 1489 1387 1532 florere
1404 1491 1649 1545 coeperunt,

141 1558 186 1598 in
216 1559 342 1600 rebus
371 1561 675 1614 componendis
707 1559 954 1602 Sallustium
983 1560 1175 1602 imitatos
1206 1574 1293 1601 esse
1323 1563 1516 1603 testetur.

255 1627 336 1671 Sed
365 1630 414 1670 ut
444 1644 557 1671 nunc
578 1630 749 1672 tandem
771 1630 824 1672 ad
843 1630 977 1684 ipsius
996 1628 1172 1670 Sallusti
1190 1631 1373 1671 aetatem
1389 1629 1649 1681 accedamus,

135 1698 224 1751 jam
264 1699 461 1752 aequales
490 1713 586 1740 eum
616 1699 667 1740 ad
699 1712 902 1740 summam
936 1698 1263 1739 admirationem
1295 1699 1360 1739 sui
1391 1699 1650 1740 convertisse

140 1768 331 1822 apparet.
403 1766 523 1816 Quod
562 1768 623 1809 ita
664 1767 793 1809 fuisse
834 1781 929 1809 cum
969 1765 1127 1809 Seneca
1171 1769 1319 1809 auctor
1357 1769 1441 1818 est,
1487 1768 1558 1822 qui
1604 1768 1650 1808 in

139 1838 262 1891 epist.
295 1837 457 1885 118‚14
487 1836 534 1879 L.
594 1837 849 1879 Arruntium
890 1838 1065 1891 propter
1095 1837 1271 1878 nimiam
1303 1836 1478 1879 Sallusti
1508 1837 1651 1878 imita-

138 1905 299 1948 tionem
329 1906 516 1960 graviter
546 1906 778 1962 vituperat,
818 1907 910 1948 tum
939 1905 1037 1947 inde
1068 1904 1319 1960 colligimus,
1351 1906 1462 1961 quod
1493 1905 1651 1948 multos

138 1974 211 2015 ille
242 1974 394 2016 habuit
424 1975 743 2025 obtrectatores,
775 1976 849 2030 qui
879 1989 966 2016 non
996 1976 1259 2016 insectantur
1290 1975 1372 2016 nisi
1393 1976 1465 2029 qui
1487 1975 1649 2030 insigni

139 2045 283 2099 aliquo
313 2060 439 2100 opere
461 2047 640 2100 gloriam
661 2047 804 2101 adepti
825 2048 935 2088 sunt.
981 2044 1195 2088 Lenaeum
1213 2045 1324 2087 enim
1348 2046 1647 2088 »acerbissima

139 2112 386 2156 Sallustium
428 2115 559 2156 satira
598 2115 804 2157 lacerasse
842 2116 886 2156 et
924 2114 1012 2156 vita
1050 2113 1303 2168 scriptisque
1347 2116 1648 2165 monstrosum,

138 2185 356 2238 praeterea
407 2185 642 2238 priscorum
689 2184 946 2238 Catonisque
993 2183 1219 2224 verborum
1270 2183 1651 2225 ineruditissimum

52 2287 66 2299 .
138 2252 276 2295 furem
313 2253 572 2309 appellasse«
605 2252 800 2308 (Sueton.
832 2253 883 2295 de
912 2252 1069 2294 illustr.
1101 2265 1279 2307 gramm.
1319 2252 1366 2293 15
1398 2251 1462 2294 ed.
1494 2251 1651 2294 Baum-

138 2321 520 2377 garten-Crusius)
568 2322 796 2377 Titumque
850 2321 1021 2364 Livium
1075 2320 1276 2362 Sallustio
1330 2320 1649 2375 iniquissimum

136 2390 267 2433 fuisse
296 2391 578 2447 comperimus
609 2391 682 2434 cfr.
702 2390 797 2435 Sen.
819 2392 1008 2434 controv.
1029 2404 1069 2445 p.
1093 2389 1176 2431 249
1207 2389 1269 2431 ed.
1289 2388 1410 2431 Burs.
1462 2388 1648 2431 Multum

136 2462 283 2504 tamen
314 2461 521 2512 abfuisse,
564 2463 613 2504 ut
643 2461 872 2504 auctoritas
902 2459 1076 2503 Sallusti
1106 2458 1436 2514 infringeretur,
1479 2458 1650 2502 Curtius

139 2529 262 2573 docet
290 2530 445 2581 Rufus,
487 2545 613 2586 quem
641 2531 777 2573 multa
806 2544 829 2572 e
860 2529 1060 2572 Sallustio
1092 2530 1134 2571 et
1164 2527 1285 2570 Livio
1317 2529 1361 2569 in
1390 2528 1524 2570 libros
1553 2542 1650 2570 suos

138 2599 190 2642 de
219 2600 350 2654 gestis
366 2599 599 2643 Alexandri
614 2599 762 2655 Magni
791 2599 1059 2641 transtulisse
1088 2612 1294 2653 usumque
1315 2612 1460 2640 eorum
1481 2598 1647 2641 dicendi

133 2667 348 2711 imitatum
378 2682 466 2710 esse
497 2667 825 2712 Wiedemannus
853 2667 898 2710 in
919 2665 1077 2709 Philol.
1094 2666 1176 2709 vol.
1196 2665 1337 2708 XXXI
1356 2681 1396 2722 p.
1416 2667 1647 2709 756-760

127 2736 366 2780 luculenter
417 2737 734 2781 demonstravit.
816 2735 886 2780 At
940 2736 1077 2779 multo
1136 2735 1339 2792 majorem
1392 2735 1647 2779 imitationis

123 2802 405 2849 Sallustianae
449 2806 631 2862 gloriam
672 2806 754 2849 sibi
797 2805 1062 2862 comparavit
1112 2804 1161 2847 P.
1192 2804 1411 2848 Cornelius
1448 2805 1648 2859 Tacitus,
