1864 3042
911 129 965 170 53

379 258 381 260 ·
409 245 555 286 »tanta
584 243 650 283 vis
679 241 818 281 morbi
850 242 979 294 atque
1009 242 1072 282 uti
1102 243 1222 284 tabes
1264 243 1489 297 plerosque
1527 245 1680 286 civium

411 313 575 356 animos
605 310 889 365 pervaserat«.

296 383 413 432 Quae
444 395 540 423 cum
569 378 669 419 ferri
701 391 788 418 non
818 378 984 431 possint
1013 377 1263 420 Gerlachius
1302 382 1345 420 et
1373 380 1530 421 Jacobs
1561 383 1695 434 parti-

180 453 319 494 culam
352 452 531 504 »atque«
564 446 685 488 uncis
714 445 1104 498 circumcluserunt,
1135 447 1178 488 id
1209 448 1322 501 quod
1354 449 1583 490 offensioni
1605 464 1692 491 non

182 533 270 563 esse
299 517 543 562 Dietschius
582 528 623 569 p.
660 514 738 555 109
784 514 885 555 satis
927 514 1072 556 multis
1090 546 1093 549 -
1111 514 1285 557 Sallusti
1326 517 1530 571 exemplis
1570 517 1693 559 docet

183 587 259 628 cfr.
300 587 400 641 Jug.
431 586 499 633 32,
531 585 557 622 4
598 581 653 622 Η.
683 581 703 621 Ι
733 582 802 630 48,
833 583 872 631 9,
913 581 975 623 IV
1006 583 1074 633 26,
1118 583 1271 636 quibus
1313 598 1364 624 ex
1402 584 1695 626 imitatoribus

184 655 282 696 addi
311 653 490 709 possunt
520 650 649 692 haec:
681 649 734 691 D.
752 649 818 690 Cr.
843 649 904 691 IV
923 650 978 691 22
1009 665 1092 704 quo
1123 652 1316 706 exemplo
1348 652 1481 693 veluti
1509 653 1693 707 pessima

184 722 437 776 contagione
467 717 667 759 imbutos.
730 717 823 758 Sev.
855 716 898 758 C.
930 718 951 758 I
979 719 1046 769 23,
1078 719 1103 759 5
1136 719 1299 759 animos
1329 733 1475 760 eorum
1508 719 1693 762 habendi

184 790 337 846 cupido
367 787 499 830 veluti
530 787 650 828 tabes
679 786 864 827 incessit.
925 784 1075 840 Neque
1105 788 1248 828 tamen
1275 788 1485 841 particula
1508 790 1689 843 »atque«

185 860 265 901 hoc
295 859 388 900 loco
419 857 569 898 contra
600 855 784 909 optimos
814 853 947 896 libros
978 854 1156 896 delenda
1174 855 1354 907 videtur,
1386 870 1482 897 cum
1498 857 1690 911 vestigiis

185 941 330 970 eorum
360 926 570 967 instantes
599 923 682 965 alia
714 923 879 964 ratione
910 923 1050 964 locum
1077 937 1226 965 sanare
1244 924 1463 979 possimus,
1514 923 1693 981 Hauptii

185 996 297 1037 enim
327 995 373 1035 in
404 993 555 1034 Philol.
589 993 670 1033 vol.
704 992 770 1032 III
801 1007 841 1045 p.
870 992 951 1032 547
983 993 1228 1046 conjectura
1260 1007 1334 1034 »ac
1367 994 1498 1034 veluti
1527 995 1688 1044 tabes«,

186 1078 313 1120 quam
341 1061 569 1111 Binderus‚
613 1060 688 1115 qui
723 1059 767 1101 id
807 1059 929 1100 illum
964 1060 1053 1114 jam
1092 1061 1219 1102 scribi
1258 1061 1439 1103 voluisse
1469 1062 1690 1117 ignorasse

184 1133 361 1182 videtur,
391 1131 437 1171 in
467 1129 653 1184 ejusdem
678 1128 832 1170 Philol.
865 1129 945 1169 vol.
969 1128 1070 1170 XXI
1088 1144 1128 1183 p.
1152 1132 1229 1172 162
1259 1130 1416 1172 iterum
1449 1132 1686 1185 proposuit,

187 1213 397 1256 quamque
428 1198 641 1239 Jordanus
670 1197 718 1237 in
749 1210 871 1238 suum
899 1197 1061 1251 recepit
1090 1199 1269 1249 textum,
1301 1200 1449 1239 contra
1479 1198 1689 1249 Bmsiani,

185 1283 311 1324 quem
339 1266 580 1309 Dietschius
617 1266 786 1306 secutus
815 1266 897 1315 est,
940 1265 1280 1307 emendationem
1314 1269 1432 1308 »erat
1461 1281 1568 1321 quae
1599 1268 1688 1309 uti«

185 1336 313 1379 simili
343 1334 539 1389 Septimii
570 1334 797 1375 imitatoris
826 1334 919 1374 loco
950 1333 1214 1375 defenditur:

412 1403 456 1445 II
486 1403 540 1443 22
583 1404 804 1457 »reputate
844 1416 938 1444 cum
970 1403 1124 1444 animis
1153 1404 1320 1449 vestris,
1363 1405 1523 1458 quanta
1552 1404 1690 1446 clades

414 1475 457 1513 et
486 1471 617 1513 veluti
655 1471 851 1525 contagio
891 1470 1065 1526 hujusce
1096 1473 1276 1527 exempli
1307 1472 1451 1514 orbem
1480 1474 1690 1514 terrarum

414 1541 670 1594 occupatura
700 1541 796 1581 sit«.

301 1609 506 1652 Similiter
534 1609 645 1650 idem
675 1608 747 1649 ille
778 1608 948 1663 scripsit
969 1607 1012 1649 ΙΙ
1030 1608 1052 1648 7
1085 1608 1261 1648 »auctor
1291 1610 1334 1649 et
1364 1608 1493 1650 veluti
1521 1622 1690 1659 causa«,

186 1683 230 1721 et
267 1681 359 1733 ipse
389 1678 616 1719 Sallustius
645 1676 736 1718 Cat.
769 1678 836 1728 42,
877 1677 902 1718 2
947 1676 1208 1717 »inconsulte
1249 1690 1297 1717 ac
1336 1677 1466 1718 veluti
1506 1691 1580 1732 per
1620 1677 1692 1718 de-

187 1747 432 1789 mentiam«.

806 1900 896 1941 eat.
928 1900 995 1952 54,
1028 1900 1066 1941 5.

300 2025 493 2080 Scriptor
532 2038 671 2066 mores
702 2022 747 2065 C.
777 2022 965 2064 Caesaris
1005 2024 1048 2063 et
1077 2022 1133 2063 M.
1168 2022 1345 2064 Catonis
1375 2024 1486 2065 inter
1517 2037 1560 2065 se
1589 2036 1690 2064 con-

187 2094 328 2136 ferens
356 2094 478 2136 illum
508 2094 666 2148 gloriae
697 2091 984 2133 avidissimum
1017 2090 1145 2134 fuisse
1176 2092 1294 2144 dicit,
1325 2091 1437 2134 hunc
1459 2105 1548 2133 esse
1564 2105 1691 2145 quam

187 2161 319 2203 videri
348 2162 510 2203 bonum
538 2158 748 2202 maluisse.

303 2228 395 2271 »Ita
425 2244 509 2284 quo
540 2229 680 2270 minus
710 2228 886 2283 petebat
902 2227 1098 2283 gloriam,
1129 2241 1178 2269 eo
1199 2227 1335 2283 magis
1355 2226 1475 2269 illum
1498 2241 1693 2281 asseque-

187 2298 360 2350 batur«,
400 2299 459 2339 sic
498 2298 545 2339 P.
589 2297 659 2338 P.1
703 2311 777 2338 »eo
819 2297 955 2351 magis
995 2297 1113 2337 illam
1155 2297 1481 2350 assequebatur«
1524 2296 1593 2337 Ρ.2
1622 2296 1693 2337 P.³

188 2366 495 2420 »sequebatur«
541 2381 651 2408 unus
682 2381 733 2408 ex
763 2365 808 2408 C.
850 2380 926 2408 »eo
965 2365 1086 2407 illum
1125 2365 1261 2420 magis
1290 2365 1570 2419 sequebatur«
1603 2364 1691 2406 Au-

184 2434 340 2487 gustin.
371 2434 437 2476 civ
468 2435 549 2477 Dei
580 2434 621 2477 V
641 2436 707 2477 12.
740 2459 794 2467 ·—
825 2434 889 2476 Ac
929 2435 1114 2489 primum
1146 2434 1315 2487 quidem
1344 2434 1519 2475 verbum
1555 2448 1692 2476 »asse-

185 2517 318 2558 quor«
349 2504 447 2547 huic
478 2506 585 2557 loco,
618 2521 702 2561 quo
733 2506 783 2548 de
814 2507 957 2561 spreta
973 2506 1106 2560 gloria
1126 2505 1282 2560 agitur,
1315 2505 1455 2547 minus
1476 2506 1690 2556 convenit,

186 2573 286 2626 quia
314 2574 535 2616 notionem
564 2576 723 2617 laboris
753 2574 996 2629 adjunctam
1025 2574 1167 2625 habet,
1199 2575 1261 2615 ita
1289 2576 1338 2615 ut
1354 2574 1441 2616 fere
1461 2575 1691 2630 significet:

185 2640 509 2683 contendentem
542 2643 701 2698 aliquid
732 2644 909 2698 adipisci
940 2643 1005 2685 vel
1035 2643 1086 2684 ad
1116 2643 1246 2684 finem
1276 2643 1337 2685 rei
1367 2643 1579 2698 expetitae
1599 2658 1693 2698 per-

135 2760 137 2763 Α
189 2709 332 2751 venire
369 2709 443 2750 cfr.
475 2710 572 2765 Jug.
603 2714 652 2763 4,
693 2714 722 2754 4
766 2714 866 2767 »qui
908 2713 944 2754 si
986 2712 1302 2767 reputaverint,
1349 2714 1393 2754 et
1431 2713 1584 2766 quibus
1614 2727 1693 2768 ego

188 2777 451 2830 temporibus
482 2777 754 2832 magistratus
784 2780 963 2835 adeptus
994 2794 1100 2831 sum,
1131 2781 1276 2834 quales
1297 2782 1379 2822 viri
1394 2781 1505 2822 idem
1521 2781 1692 2835 adsequi

187 2843 471 2896 nequiverint,
502 2847 546 2886 et
575 2849 723 2901 postea
747 2850 854 2891 cet«,
916 2848 1180 2903 Scripturam
1213 2850 1522 2904 »sequebatur«
1554 2851 1693 2892 autem
