1864 3042
888 77 950 123 ‘28

294 193 398 240 Sall.
430 192 530 252 Jug.
810 194 923 239 Dict.
953 195 1022 238 Or.
1341 191 1384 236 S.
1413 192 1508 240 Sev.

373 300 456 337 110.

188 348 226 395 3)
249 348 290 386 id
313 349 530 386 inminutum
676 397 684 405 ·
698 349 729 384 V
763 352 784 406 2
815 349 903 396 quid
933 349 1063 387 horum
1093 363 1165 389 non

674 402 903 434 imminutum

188 491 226 537 4)
256 491 308 528 its
349 445 539 538 coiipksito
577 491 661 529 dolo
696 491 729 529 V
760 493 783 528 4
819 492 870 528 ita
902 493 1106 540 composita
1129 506 1168 532 re

165 539 420 586 digrediuntur
675 539 871 576 disceditur

187 633 223 678 1)
248 644 354 679 posse
374 585 659 670 lclgfiditionibus
687 632 768 668 1111
782 633 893 670 dilato
902 635 1168 672 conditionibus

165 679 304 716 bellum
327 681 455 764 polnliss.
676 704 685 713 .
710 707 719 716 .
745 706 755 716 .
778 681 875 717 bello

190 774 229 819 3)
249 787 401 822 corpore
413 775 661 822 pai-iteratque
698 775 715 810 I
749 777 771 811 6
803 776 950 813 videbat
980 778 1094 820 enim,
1128 781 1167 813 ut

164 824 287 859 animo
310 824 447 863 varius,
481 835 571 868 quae
594 826 684 861 sci-.
713 847 722 857 .
749 849 757 859 .
781 825 896 868 taciti,
921 826 1021 861 vultu
1045 829 1164 861 tamen

164 871 252 907 licet
271 873 414 907 tecente
428 870 508 916 ipso
520 873 660 908 occulta
674 870 867 906 admissum
911 872 1046 908 facinus
1083 884 1164 908 con-

164 918 324 964 pectoris
349 917 572 964 patefecisse.
673 917 886 954 demnarent

198 1011 237 1056 4)
270 1014 309 1047 et
355 1023 397 1048 ea
443 1014 660 1058 tempestate
697 1010 732 1044 II
769 1010 816 1046 44
853 1022 968 1057 neque
1002 1013 1164 1058 cuiquam
1203 1012 1260 1047 CI
1277 1014 1332 1053 11,
1357 1014 1379 1048 8
1397 1024 1441 1048 ea
1458 1015 1672 1058 tempestate

165 1068 247 1105 spes
271 1062 377 1104 atque
402 1070 490 1105 opes
505 1060 660 1096 civitatis
675 1057 836 1103 dubium,
860 1061 944 1104 quin
959 1071 1002 1095 es
1012 1063 1165 1106 tempes-
1180 1070 1261 1104 spes
1285 1062 1391 1105 atque
1410 1060 1504 1095 salus
1519 1060 1673 1106 Aegypti

166 1105 204 1141 in
227 1106 292 1142 illo
317 1107 418 1142 sitae.
675 1107 750 1140 tate
784 1133 791 1140 .
826 1132 836 1141 .
869 1131 878 1140 .
918 1118 1000 1152 spes
1043 1120 1167 1144 omnes
1181 1108 1219 1142 in
1243 1107 1306 1143 illo
1331 1109 1398 1143 sita
1423 1110 1501 1143 erat

675 1155 782 1196 atque
821 1164 907 1198 opes
941 1155 1090 1191 militiae
1130 1156 1167 1190 in

676 1200 740 1235 tali
764 1200 840 1237 viro
863 1201 1075 1239 sisterentur

251 1429 354 1473 Sall.
387 1430 499 1474 Hist.
532 1431 565 1473 Ι.

397 1538 430 1572 1.

187 1593 244 1618 res
274 1583 400 1629 populi
431 1581 586 1618 Romani
608 1582 658 1618 M.
1204 1580 1231 1617 O
1257 1580 1274 1615 1
1301 1582 1333 1624 1,
1360 1582 1377 1616 1
1412 1591 1469 1616 res
1501 1592 1522 1616 a
1545 1579 1671 1616 mundi

162 1629 302 1676 Lepido
334 1631 376 1675 Q.
412 1630 538 1667 Catulo
575 1641 656 1666 con·
1181 1628 1328 1664 exordio
1364 1655 1372 1664 .
1399 1655 1407 1664 .
1436 1655 1445 1664 .
1478 1639 1590 1674 usque
1624 1628 1671 1664 ad

161 1678 298 1714 sulibus
312 1690 354 1714 ac
367 1669 497 1714 deinde
509 1677 658 1713 militiae
1180 1680 1339 1712 nostram
1363 1677 1573 1712 memoriam
1598 1686 1673 1711 car-

163 1728 201 1761 et
224 1726 324 1760 domi
349 1729 467 1771 gestas
483 1726 658 1770 conposui
1180 1724 1272 1768 ptim
1319 1723 1438 1760 dicere
1485 1734 1674 1769 aggressus

438 1790 454 1809 0
1180 1782 1257 1806 sum

185 1866 274 1902 vitio
290 1846 598 1912 ingeni’humani.
612 1891 621 1901 .
637 1892 658 1910 .‚
694 1859 730 1894 ῙΙ
759 1859 800 1895 15
824 1870 924 1895 more
948 1859 1070 1905 ingeni
1101 1859 1163 1894 hu-

160 1914 258 1960 quod
291 1914 430 1960 inquies
463 1917 571 1959 atque
606 1914 657 1949 in·
671 1906 788 1948 mani,
836 1907 932 1953 quod
977 1907 1165 1943 imbellum

160 1962 339 1998 domitum
364 1973 506 2007 semper
528 1962 565 1997 in
583 1974 656 1999 001·-
671 1955 861 1991 adversum
885 1955 1027 1991 dolores
1053 1958 1089 1991 et
1112 1955 1165 1990 in-

160 2010 296 2045 tamine
311 2009 491 2045 libertatis
508 2013 569 2044 aut
581 2010 657 2055 gio-
672 2002 789 2038 vidiae
812 2003 960 2048 plenum
978 2002 1107 2038 anteiri
1127 2014 1164 2036 se

159 2055 237 2092 riae
285 2059 348 2092 aut
402 2056 658 2092 dominationis
671 2049 842 2086 ameliore
869 2049 967 2086 haud
983 2050 1087 2085 facile
1103 2061 1164 2095 pa·

161 2104 240 2149 agn
671 2098 760 2134 titur

183 2200 222 2234 at
245 2152 429 2253 discorda}
453 2199 490 2233 et
507 2196 659 2233 avaritia
1203 2210 1230 2246 c
1255 2210 1290 2246 11
1318 2212 1373 2256 17,
1406 2212 1428 2247 5
1458 2211 1567 2256 longa
1596 2223 1673 2247 mr-

159 2248 268 2290 atque
297 2246 452 2300 pmbltalo
476 2248 515 2299 0?
535 2248 659 2299 petam
1179 2271 1257 2294 sum
1282 2270 1372 2304 pace
1404 2261 1565 2304 corrupti
1590 2260 1674 2295 mig-

158 2292 324 2329 secundis
337 2292 444 2328 rebus
457 2303 545 2328 orm
557 2295 658 2328 sueta.
1180 2317 1260 2342 cere
1284 2306 1406 2342 omnia
1436 2306 1673 2343 seditionibus

158 2341 256 2376 mah
283 2367 291 2376 ·
310 2366 319 2375 ·
339 2369 346 2376 ·
371 2351 539 2376 maxume
551 2343 658 2375 8⁰02ss
1180 2356 1217 2389 et
1270 2354 1417 2390 turbare
1464 2358 1673 2400 coeperunt,

159 2391 243 2424 ⁸¹²1st
1180 2400 1390 2436 affectentes
1415 2413 1593 2437 summum
1619 2414 1674 2438 sa-

1180 2448 1395 2493 cerdotium,
1407 2449 1582 2490 bibidine,
1593 2462 1673 2487 ava-

1179 2496 1262 2552 ritia
1286 2499 1323 2533 et
1346 2497 1556 2534 dominandi
1571 2498 1673 2544 cupi-

186 2588 269 2613 eum
293 2576 463 2659 militam
485 2576 658 2612 toleraret
695 2574 747 2610 111
762 2576 808 2611 23
832 2574 987 2610 tolerare
999 2575 1165 2611 militiam
1179 2544 1263 2580 ‘'m‘’

183 2674 377 2718 postquam
413 2698 420 2707 .
457 2697 467 2708 .
495 2697 503 2706 .
536 2670 656 2706 simul·
693 2669 729 2706 11
753 2671 774 2705 7
800 2669 946 2706 interim
973 2698 981 2706 .
1001 2696 1010 2706 .
1032 2696 1040 2706 .
1066 2681 1164 2707 exer·

156 2722 253 2803 ςῗξξε
293 2729 460 2756 exercere
504 2724 656 2754 vacuom
669 2729 752 2800 ἓὲἰιὲθ
782 2717 981 2754 discordias
1015 2730 1163 2755 vacuum

173 2859 335 2897 omnium
358 2813 515 2905 pffiium
540 2858 653 2894 decus
1197 2859 1225 2896 G
1249 2860 1266 2895 1
1289 2862 1353 2905 23,
1385 2861 1408 2896 6
1439 2870 1546 2898 omne
1568 2861 1666 2899 vitet
