1864 3042
899 88 955 130 58

164 198 485 252 aspernabatur.
549 199 587 250 5,
620 200 646 241 5
691 200 856 241 animus
895 201 1111 256 cupiebat.
1171 202 1239 255 20,
1272 204 1298 244 3
1338 203 1507 246 animus
1545 218 1673 247 ausus

164 267 241 307 est.
302 267 371 318 31,
412 268 439 309 4
483 268 651 309 animus
697 267 907 309 movebat.
969 269 1020 310 51
1036 299 1046 318 ,
1093 270 1117 309 2
1163 270 1330 312 animus
1372 271 1558 327 providit
1597 272 1680 328 (sic

165 335 278 377 enim
309 336 363 378 ad
383 337 707 392 congruentiam
727 351 822 379 cum
839 338 1035 393 proximo
1057 337 1246 393 perfecto
1261 341 1459 394 gnomico
1480 342 1677 396 »paruit«
1730 382 1732 384 .

164 404 471 448 restituendam
510 405 782 448 scribendum
822 405 1021 458 videtur).
1094 406 1192 463 Jug.
1232 409 1308 460 22,
1353 410 1381 451 3
1425 424 1510 465 quo
1554 410 1679 466 plura
1738 422 1742 426 ·

166 474 337 515 strenue
374 473 566 524 fecisset,
607 488 657 516 eo
685 475 876 517 animum
907 476 1047 517 minus
1075 476 1271 519 tolerare.
1333 478 1402 529 31,
1442 479 1471 519 4
1510 478 1678 521 animus

165 540 340 596 subigit.
412 542 488 593 54,
532 542 559 584 4
610 556 694 597 quo
739 542 943 598 cujusque
989 543 1156 586 animus
1199 543 1304 597 fert,
1350 558 1399 587 eo
1443 544 1691 589 discedunt·

165 609 307 663 Igitur
353 623 450 651 cum
495 610 679 652 activam
729 611 847 653 vocis
894 612 1112 653 ›animus‹
1170 614 1429 654 structuram
1472 611 1677 657 Sallustio

166 675 543 720 familiarissimam
589 693 677 722 esse
713 679 900 730 eluceat,
942 680 1070 723 lectio
1103 681 1296 724 »animus
1325 681 1554 737 rapiebat«,
1578 696 1678 725 con·

166 747 381 788 suetudini
436 748 657 803 scriptoris
713 763 887 803 prorsus
929 750 1140 791 convenit.
1215 749 1331 798 Quae
1374 751 1584 805 scriptura
1629 765 1679 794 eo

166 829 335 870 quoque
366 814 598 871 efflagitari
629 816 811 868 videtur,
841 817 955 872 quod
986 816 1219 873 Septimius

390 886 412 929 Ι
442 887 469 929 4
501 889 571 930 »et
600 902 858 944 quamquam
889 889 1095 931 atrocitas
1124 888 1225 931 facti
1254 890 1307 932 ad
1336 890 1677 946 indignationem

398 959 620 1014 ultumque
658 960 838 1015 injurias
875 961 1089 1016 rapiebat,
1132 963 1276 1003 tamen
1305 975 1357 1003 ex
1388 962 1554 1004 consilii
1583 975 1679 1004 sen-

393 1028 530 1069 tentia
558 1028 760 1084 legantur
791 1029 908 1084 prius
938 1029 991 1072 ad
1023 1029 1193 1084 Trojam
1226 1028 1273 1071 P.
1306 1029 1374 1071 Ul.
1406 1031 1450 1072 et
1478 1029 1564 1072 Μ.«

165 1095 351 1149 ejusdem
399 1097 517 1138 verbi
564 1112 766 1152 ›rapere‹
815 1099 955 1139 activo
1001 1112 1156 1152 genere
1203 1099 1350 1140 utitur.
1423 1098 1677 1154 Septimium

166 1165 322 1214 autem,
367 1178 451 1219 qua
478 1165 524 1206 in
554 1165 763 1207 imitando
795 1164 997 1208 Sallustio
1029 1167 1190 1208 versari
1220 1166 1330 1208 solet
1360 1166 1597 1222 diligentia,
1641 1168 1677 1209 si

170 1233 364 1275 »animus
393 1233 666 1290 rapiebatur«
699 1234 754 1276 ab
784 1249 833 1277 eo
864 1235 1070 1291 scriptum
1101 1235 1287 1291 legisset,
1321 1237 1391 1277 »et
1421 1249 1677 1290 quamquam

165 1302 392 1343 atrocitate
436 1302 607 1344 sceleris
646 1333 657 1343 .
687 1334 697 1343 .
732 1336 742 1344 .
787 1304 1088 1358 rapiebantur«
1132 1304 1391 1359 scripturum
1431 1303 1559 1346 fuisse
1599 1318 1679 1360 pro

166 1372 283 1411 certo
312 1369 529 1413 habemus.

279 1438 431 1494 Neque
459 1454 632 1495 prorsus
643 1440 839 1483 dissimili
859 1441 1025 1483 ratione
1046 1441 1265 1496 proximus
1285 1441 1402 1483 loeus
1423 1439 1674 1484 tractandus

167 1508 346 1549 videtur.

779 1598 876 1653 Jug.
910 1599 979 1651 39,
1010 1599 1049 1640 5.

281 1718 429 1761 Sermo
459 1722 523 1761 est
552 1720 603 1762 de
623 1719 777 1775 Spurio
796 1720 967 1771 Albino,
998 1719 1118 1774 cujus
1148 1718 1321 1762 fratrem
1342 1718 1500 1761 Aulum
1520 1718 1676 1761 Postu-

166 1789 298 1829 mium
328 1788 544 1842 Jugurtha
574 1790 734 1831 vicerat
764 1790 1006 1843 victumque
1037 1789 1210 1830 miserat
1240 1788 1319 1830 sub
1345 1789 1512 1843 jugum.

282 1856 539 1911 »Postquam
582 1871 632 1899 eo
671 1858 732 1912 (in
765 1856 972 1913 Africam)
1003 1855 1145 1907 venit,
1190 1870 1447 1911 quamquam
1478 1856 1676 1911 persequi

163 1925 425 1980 Jugurtham
453 1928 497 1968 et
525 1926 683 1968 mederi
713 1926 927 1968 fraternae
949 1925 1133 1967 invidiae
1148 1925 1291 1966 animo
1309 1924 1499 1976 ardebat,
1528 1925 1678 1980 cogni·
1751 1938 1754 1940 ’

165 1993 221 2035 tis
253 1993 474 2045 militibus,
504 2007 610 2049 quos
640 1996 807 2050 praeter
837 1993 979 2050 fugam
1009 1993 1150 2037 soluto
1170 1993 1336 2049 inperio
1356 1993 1531 2036 licentia
1548 1995 1677 2050 atque

164 2063 339 2105 lascivia
368 2065 647 2119 conruperat,
689 2077 740 2107 ex
780 2064 903 2119 copia
943 2077 1086 2107 rerum
1127 2063 1280 2106 statuit
1308 2063 1391 2105 sibi
1431 2063 1543 2105 nihil
1584 2064 1678 2119 agi-

165 2132 383 2174 tandum<

279 2200 373 2243 Hoc
414 2202 529 2254 loco,
571 2216 830 2257 quamquam
871 2202 1023 2257 optimi
1058 2202 1159 2243 libri
1201 2201 1436 2243 ablativum
1479 2201 1675 2243 »auimo«
1716 2238 1718 2241 .

164 2269 276 2310 tueri
305 2269 522 2319 videntur3
562 2269 870 2312 consuetudine
898 2271 1044 2311 tamen
1076 2268 1337 2311 Sallustiana
1366 2269 1677 2311 nominativum

169 2338 405 2390 »animus«,
434 2338 508 2392 qui
538 2338 709 2392 quidem
739 2339 783 2380 in
815 2339 937 2380 libris
968 2337 1186 2379 nonnullis
1205 2337 1438 2387 invenitur,
1469 2337 1676 2392 postulari

164 2419 216 2447 ex
253 2405 319 2457 iis,
357 2420 465 2460 quae
505 2420 635 2461 supra
664 2405 925 2447 contulimus
955 2404 1174 2460 exemplis,
1206 2404 1332 2460 plane
1363 2404 1512 2447 elucet.
1573 2403 1677 2461 Qui-

165 2474 245 2515 bus
275 2473 419 2515 Severi
450 2474 682 2516 imitatoris
713 2474 920 2516 accedunt
949 2473 1074 2515 haec:
1106 2473 1152 2515 C.
1182 2472 1203 2513 1
1233 2474 1272 2523 4,
1306 2474 1333 2514 3
1363 2474 1557 2528 persequi
1586 2474 1678 2516 ani-

165 2557 259 2584 mus
303 2556 390 2585 non
433 2541 538 2593 fuit,
580 2541 628 2585 C.
660 2543 680 2585 I
712 2543 778 2596 10,
819 2542 843 2584 7
886 2544 1051 2586 animus
1091 2540 1362 2584 abhorrebat.
1422 2540 1466 2601 C.
1498 2540 1519 2584 I
1554 2542 1619 2594 14,
1649 2543 1678 2585 6

165 2613 332 2654 animus
362 2626 449 2653 non
480 2613 738 2666 patiebatur,
770 2611 814 2654 O.
847 2611 890 2653 II
914 2612 981 2663 12,
1013 2612 1039 2652 4
1069 2610 1276 2653 barbarus
1305 2611 1473 2653 animus
1502 2625 1679 2654 uxorem

165 2679 439 2721 matrimonio
471 2694 520 2722 ac
550 2681 669 2736 regia
698 2680 888 2735 depellit,
918 2678 976 2721 M.
998 2679 1067 2730 25,
1101 2679 1126 2720 2
1157 2678 1335 2720 ardebat
1353 2679 1522 2721 animus
1547 2679 1679 2721 vitam

164 2748 279 2790 illius
311 2748 506 2791 scribere.
568 2749 770 2792 Severum
800 2750 955 2799 autem,
987 2762 1113 2803 quem
1145 2747 1283 2789 locum
1314 2747 1365 2789 de
1396 2762 1481 2802 quo
1511 2747 1679 2803 agimus

162 2816 378 2859 imitatum
414 2831 504 2860 esse
534 2832 574 2873 p.
608 2818 661 2861 18
691 2816 1009 2868 illustravimus,
1040 2816 1085 2859 in
1116 2815 1204 2858 vita
1233 2815 1371 2859 sancti
1400 2814 1580 2860 Martini
1661 2821 1662 2825 ’

1812 0 1864 32 :M

1854 45 1864 57 b

1729 156 1734 160 .
1801 147 1815 165 χ
1830 147 1864 167 ',·-]

1746 170 1764 182 ι’
1840 187 1864 214 *A
