1864 3042
861 149 919 194 47

129 250 310 327 certum,
340 265 557 325 pretio-un
581 250 768 309 bellandi
788 265 999 321 cupidine.
1042 265 1086 309 H
1102 265 1157 308 30
1174 264 1426 318 ›incertum,
1457 261 1636 321 alio(ne)

132 336 232 380 casu
268 348 325 378 an
360 335 426 377 ira
454 334 740 391 Appollinis«.
799 333 962 384 Quibus
1001 335 1206 391 exemplis
1245 348 1340 377 eam
1369 333 1535 377 dicendi
1565 346 1633 375 ra-

132 403 297 448 tionem
312 401 513 446 Sallustio
542 403 781 447 adamatam
809 404 939 448 fuisse
969 418 1103 460 eaque
1132 404 1186 448 de
1210 418 1338 448 causa
1358 403 1437 447 hoc
1465 415 1635 459 quoquc

135 475 229 518 loco
259 473 564 516 restituendam
595 488 683 517 esse
712 474 957 534 confirmari
987 474 1163 518 videtur.

740 633 769 678 J
770 649 840 692 ug.
871 635 940 688 85,
970 636 1041 680 26.

250 755 294 799 Ο.
324 755 486 800 Marius
515 758 664 801 consul
694 760 859 801 creatus
889 759 1086 802 contione
1116 759 1265 816 populi
1294 759 1444 802 habita
1472 758 1639 802 nobiles

134 826 318 883 graviter
347 827 580 884 vituperat:
612 842 683 870 eos
707 828 871 884 jactare
900 829 1108 885 imagines
1138 831 1182 872 et
1201 829 1380 872 virtutes
1412 829 1635 885 majorum,

133 896 216 940 sibi
245 899 410 940 suamet
438 897 551 940 facta
580 898 719 941 dicere
747 899 887 941 licere.
948 899 1056 941 Tum
1088 899 1250 955 pergit:

252 966 473 1022 »equidem
504 980 583 1023 ego
612 981 700 1010 non
728 968 896 1024 ignoro,
925 968 960 1011 si
984 969 1076 1024 jam
1091 968 1197 1011 mihi
1221 968 1475 1024 respondere
1490 967 1637 1019 velint,

134 1036 302 1080 abunde
337 1036 423 1078 illis
465 1036 709 1079 facundiam
754 1039 797 1079 et
834 1039 1098 1093 conpositam
1138 1037 1374 1080 orationem
1403 1036 1503 1079 fore.
1564 1035 1639 1079 Set

133 1106 179 1149 in
209 1119 407 1147 maxumo
437 1107 581 1148 vostro
611 1106 809 1148 benificio
839 1120 935 1148 cum
964 1107 1161 1148 omnibus
1191 1106 1294 1148 locis
1315 1119 1463 1160 meque
1479 1117 1637 1159 vosque

133 1175 242 1217 male
272 1174 396 1216 dictis
424 1174 624 1227 lacerent,
656 1189 743 1216 non
772 1175 934 1230 placuit
962 1175 1152 1226 reticere,
1182 1189 1236 1216 ne
1266 1174 1360 1229 quis
1388 1173 1638 1216 modestiam

131 1244 177 1287 in
208 1244 508 1288 conscientiam
537 1244 748 1287 duceret«

246 1313 340 1356 Hoc
368 1314 477 1366 loco,
508 1328 592 1369 quo
622 1314 667 1355 in
698 1328 783 1356 uno
799 1313 866 1356 Vo
899 1313 1105 1369 scriptum
1133 1314 1199 1355 est
1230 1327 1407 1368 »meque
1436 1325 1635 1366 vosque«,

132 1384 232 1428 dum
261 1383 346 1426 Pus
391 1385 434 1426 et
474 1383 520 1425 C.
564 1398 656 1426 »me
696 1398 880 1438 vosque«
922 1383 1148 1434 exhibent,
1193 1386 1237 1424 et
1273 1381 1475 1432 Jordani,
1519 1381 1638 1436 cujus

132 1453 301 1507 quidem
331 1452 504 1507 optimis
533 1452 583 1493 de
619 1451 820 1493 Sallustio
851 1452 1014 1493 meritis
1043 1452 1170 1506 longe
1200 1452 1320 1492 abest
1348 1452 1397 1491 ut
1432 1451 1639 1492 detrecte-

132 1536 247 1572 mus,
292 1523 472 1576 apparet
512 1521 786 1576 perversitas,
837 1534 921 1574 qua
960 1520 1126 1574 lapsus,
1171 1519 1206 1560 si
1237 1518 1339 1574 quid
1368 1518 1459 1561 Vus
1489 1520 1639 1560 contra

131 1590 391 1644 reliquorum
425 1589 633 1630 librorum
674 1600 923 1630 consensum
961 1588 1138 1642 praebet
1167 1588 1435 1629 abiciendum
1459 1588 1637 1642 judicat,

130 1658 174 1699 et
202 1671 301 1699 vera
331 1671 479 1699 eorum
505 1656 636 1707 ratio,
676 1656 750 1710 qui
779 1655 836 1698 Vi
865 1656 1089 1698 lectionem
1122 1669 1209 1697 non
1246 1657 1527 1711 aspernantur
1555 1655 1639 1697 nisi

129 1729 205 1769 aut
234 1727 447 1769 sententia
476 1728 551 1773 aut
579 1725 918 1768 dubitationibus
937 1726 1228 1781 grammaticis
1246 1728 1472 1781 coguntur.
1525 1724 1638 1774 Quo-

129 1810 225 1838 rum
253 1798 451 1839 neutrum
482 1796 528 1837 in
557 1786 870 1850 huno'quidem
900 1795 1040 1837 locum
1056 1796 1269 1851 pertinere
1290 1795 1468 1838 videtur.
1522 1793 1635 1837 Nam

128 1879 224 1908 cum
263 1866 316 1908 ad
356 1880 447 1907 rem
488 1879 659 1920 prorsus
688 1865 799 1907 idem
828 1865 980 1916 valeat,
1021 1868 1165 1907 utrum
1196 1865 1429 1907 scribamus
1459 1878 1635 1920 »meque

128 1948 311 1989 vosque«
354 1948 410 1976 an
452 1948 545 1975 »me
575 1948 784 1989 vosque«,
829 1934 1026 1976 iteratam
1065 1933 1318 1989 particulam
1347 1947 1484 1988 »que«
1515 1947 1541 1974 a
1567 1934 1636 1976 di-

128 2004 249 2046 cendi
294 2017 450 2059 genere
493 2003 752 2045 Sallustiano
799 2017 888 2045 non
933 2000 1116 2045 alienam
1165 2018 1253 2045 esse
1300 2003 1523 2058 permultis
1563 2003 1635 2045 de-

127 2070 390 2115 mons'tratur
419 2072 533 2124 locis,
564 2072 638 2114 ubi
670 2086 792 2115 voces
821 2072 942 2124 duae,
973 2086 1150 2128 quarum
1180 2072 1299 2128 prior
1329 2086 1521 2127 quaeque
1537 2086 1637 2128 pro-

127 2153 283 2183 nomen
324 2143 408 2194 est,
450 2156 528 2196 per
569 2155 677 2196 »que
706 2165 764 2173 —
793 2155 901 2195 que«
946 2141 1266 2197 conjunguntur
1306 2140 1379 2183 cfr.
1411 2141 1502 2183 Cat.
1535 2141 1574 2192 9,
1606 2142 1633 2183 3

127 2199 267 2264 seque·
285 2223 461 2265 remque
492 2209 707 2266 publicam
735 2210 953 2252 curabant.
1016 2210 1091 2261 36,
1135 2211 1163 2251 4
1200 2209 1274 2264 qui
1302 2223 1429 2264 seque
1458 2223 1633 2264 remque

128 2277 343 2333 publicam
386 2279 599 2334 perditum
644 2279 769 2322 irent.
842 2278 939 2333 Jug.
988 2279 1061 2330 10,
1102 2279 1128 2319 2
1172 2269 1335 2333 meque·
1369 2293 1634 2334 regnumque

62 2342 64 2344 ’
126 2357 267 2388 meum
303 2347 442 2403 gloria
479 2347 758 2391 honoravisti.
818 2349 887 2401 21,
919 2350 946 2389 4
986 2348 1049 2390 ita
1088 2362 1215 2404 seque
1244 2348 1412 2403 illisque
1443 2348 1633 2403 dignum.

128 2413 196 2465 79,
226 2417 252 2458 9
282 2431 409 2471 seque
426 2418 643 2471 vitamque
658 2431 776 2464 suam
797 2417 1098 2459 condonavere.
1146 2418 1214 2467 85,
1231 2418 1286 2458 26
1317 2431 1444 2471 seque
1458 2417 1633 2471 remque

126 2482 342 2537 publicam
385 2485 663 2528 celebravere.
725 2485 825 2538 100,
865 2485 890 2527 5
931 2484 1090 2540 illoque
1129 2485 1322 2540 alliisque
1352 2485 1631 2540 temporibus.

125 2549 237 2594 Aliis
266 2557 409 2596 autem
438 2554 613 2596 Sallusti
642 2555 746 2596 locis
777 2569 886 2609 »que
912 2557 1056 2597 -etet
1087 2556 1293 2609 scriptum
1324 2568 1413 2597 esse
1441 2554 1632 2596 videmus

125 2617 199 2661 cfr.
229 2620 330 2678 Jug.
363 2624 431 2676 55,
465 2625 501 2678 1,
533 2625 600 2675 26,
634 2624 671 2665 1.
715 2624 784 2676 91,
815 2623 854 2664 2.
903 2623 997 2674 104,
1031 2623 1068 2665 1.
1130 2621 1280 2678 Neque
1310 2636 1483 2678 prorsus
1511 2622 1632 2664 dissi-

127 2687 219 2729 mili
246 2691 372 2733 modo
393 2691 622 2746 Septimius
653 2684 906 2746 pronomina
935 2705 1033 2733 cum
1063 2692 1341 2733 substantivis
1370 2692 1437 2733 vel
1451 2691 1486 2732 si
1504 2705 1632 2745 quam
1679 2687 1682 2690 ’

127 2753 254 2798 aliam
285 2760 407 2813 ponit
436 2774 581 2802 vocem
610 2761 865 2816 conjungere
904 2760 1028 2811 solet,
1070 2760 1132 2801 ita
1163 2762 1307 2802 tamen
1336 2762 1385 2801 ut
1415 2759 1461 2801 in
1491 2760 1634 2814 poste-

22 2868 28 2871 „
136 2823 321 2868 rioribus
349 2829 551 2872 membris
581 2829 833 2886 particulam
865 2842 999 2883 ›que‹
1028 2829 1225 2871 iteratam
1255 2830 1504 2884 aspernatus
1537 2829 1630 2870 ›et‹

31 2889 47 2895 ⁴
129 2894 289 2937 scribat
317 2895 394 2940 cir.
426 2898 463 2951 Ι,
493 2899 519 2942 3
549 2901 770 2956 ipsamque
799 2901 843 2942 et
871 2899 1026 2941 multas
1054 2911 1156 2954 opes
1185 2898 1338 2941 aufert.
1395 2897 1416 2940 Ι
1437 2897 1493 2940 20
1515 2896 1635 2941 festi-
