1864 3042
885 58 938 100 52

151 181 251 213 casu
281 172 363 213 nisi
393 185 532 223 causa,
564 185 647 225 qua
676 171 842 212 animos
871 171 1066 212 intentus
1095 170 1194 222 fiat,
1236 173 1488 227 appelletur.
1549 172 1667 221 Quae

152 253 249 282 cum
278 240 340 281 ita
369 239 468 290 sint,
499 239 631 282 verba
664 238 833 294 »aliquo
851 239 1053 294 negotio«
1079 240 1154 280 aut
1168 239 1405 283 ablativum
1426 239 1668 284 absolutum

153 324 242 351 esse
281 310 541 357 statuerunt,
581 311 656 349 aut
695 308 931 350 ablativum
964 308 1159 362 ›aliquo‹
1197 324 1249 351 ex
1275 310 1418 352 dativo
1451 310 1664 364 »aliquoi«

153 380 401 433 corruptum
441 391 531 419 esse
571 378 777 432 suspicati
817 378 917 418 sunt
960 376 1036 419 cfr.
1081 377 1279 434 Frohner
1319 379 1363 421 in
1393 378 1550 421 Philol.
1581 378 1665 420 vol.

152 447 234 489 XV
264 462 306 502 p.
337 446 433 487 291.
499 445 632 494 Quem
679 459 823 487 casum
866 459 953 487 non
999 445 1122 487 modo
1168 447 1380 502 superflue
1424 447 1544 498 addi,
1592 447 1665 489 sed

152 515 342 556 additum
373 514 501 555 etiam
529 515 662 555 totius
691 515 774 555 loci
804 528 974 555 sensum
1004 515 1230 557 obscurare
1257 515 1498 557 Dietschius
1516 531 1557 570 p.
1586 515 1665 556 100

151 585 267 625 recte
297 582 510 624 monuisse
541 582 718 624 videtur.
780 581 896 624 Idem
927 581 1115 624 ablativa
1148 583 1317 637 »aliquo
1349 584 1550 638 negotio«
1568 596 1665 624 cum

151 652 282 694 verbo
316 651 534 705 ›quaerit‹
567 650 867 705 conjungenda
896 664 987 692 esse
1013 651 1235 704 judicavit,
1266 652 1334 693 cui
1353 653 1590 693 sententiae
1613 666 1663 693 eo

150 720 332 761 maxime
355 732 652 773 permovemur
681 720 731 759 ut
760 718 1017 772 accedamus,
1049 719 1161 773 quod
1173 719 1261 773 jam
1278 719 1457 761 Severus
1472 720 1664 760 imitator

150 790 211 831 ita
252 789 395 831 locum
431 786 691 829 intellexisse
732 786 898 828 videtur
928 785 974 828 C.
1007 786 1027 828 I
1058 788 1097 838 4,
1136 788 1160 829 5
1205 787 1299 829 »his
1340 802 1454 830 more
1486 788 1662 830 humani

149 858 314 911 ingenii
345 856 567 897 consilium
599 855 693 905 fuit,
725 856 885 909 insigni
915 855 1059 909 aliquo
1091 870 1217 910 opere
1242 855 1399 897 famam
1418 870 1661 910 quaerere«.

150 925 285 974 Quem
325 926 463 967 locum
498 925 587 978 jam
620 923 975 966 Wiedemannum
1014 924 1059 965 in
1092 923 1245 966 Philol.
1278 925 1347 967 vol
1376 924 1478 967 XIX
1507 940 1546 980 p.
1583 925 1663 966 154

151 994 445 1048 perscripsisse
485 992 593 1033 bene
639 991 810 1045 quidem
853 992 1154 1042 memineram,
1197 1007 1337 1047 neque
1367 994 1511 1034 tamen
1542 1006 1663 1048 prae-

149 1062 407 1105 tereundum
439 1061 657 1116 putabam,
700 1075 753 1101 ne
785 1060 886 1114 quid
916 1059 1014 1102 huic
1044 1061 1202 1114 libello,
1233 1076 1317 1116 quo
1346 1061 1396 1104 de
1426 1061 1664 1103 imitatione

152 1131 413 1172 Sallustiana
442 1129 698 1179 disserimus,
730 1129 908 1170 deesset.

790 1250 879 1292 Cat.
915 1253 952 1301 5,
986 1252 1023 1292 2.

266 1339 401 1381 »Huic
420 1339 666 1395 (Catilinae)
696 1339 751 1380 ab
782 1339 1068 1380 adulescentia
1099 1339 1210 1381 bella
1240 1341 1458 1391 intestina,
1490 1341 1653 1390 caedes,

147 1409 336 1464 rapinae,
367 1408 576 1450 discordia
602 1407 740 1448 civilis
769 1409 893 1462 grata
918 1406 1050 1456 fuere,
1081 1407 1226 1461 ibique
1250 1408 1520 1462 juventutem
1541 1423 1659 1460 suam

147 1478 376 1519 exercuit«

261 1544 332 1587 Sic
371 1546 416 1586 in
457 1545 632 1599 optimis
671 1543 888 1586 codicibus
928 1544 1106 1598 legitur3
1153 1544 1392 1586 mirandum
1426 1547 1568 1586 autem
1598 1547 1662 1587 est

147 1614 260 1668 quod
291 1613 521 1667 singularis
552 1612 812 1653 ›discordia‹
847 1613 945 1665 post
975 1612 1160 1665 plurales
1194 1613 1351 1663 »bella,
1395 1613 1554 1663 caedes,
1596 1628 1664 1654 ra-

145 1682 298 1736 pinae«
330 1680 441 1722 nulli
470 1680 554 1721 nisi
583 1679 746 1721 Brinko
776 1679 823 1720 in
846 1679 1001 1721 Philol.
1033 1679 1114 1721 vol.
1133 1679 1233 1721 XXI
1258 1695 1299 1734 p.
1325 1681 1403 1721 162
1435 1681 1662 1723 offensioni

146 1749 242 1790 fuit.
304 1748 537 1790 Levissima
568 1750 711 1790 autem
742 1749 858 1789 vocis
892 1748 1152 1789 »discordia«
1186 1749 1231 1789 in
1265 1749 1551 1791 »discordiae«
1583 1750 1665 1791 im-

149 1817 332 1859 mutatio
374 1816 428 1858 ab
470 1817 546 1857 illo
588 1816 811 1871 proposita
840 1817 885 1857 in
917 1817 1085 1870 culpam
1116 1817 1372 1857 temeritatis
1403 1818 1543 1859 vocari
1575 1832 1661 1859 non

146 1888 309 1940 potest,
365 1885 523 1939 quippe
571 1897 681 1938 quae
730 1898 807 1939 per
844 1884 949 1926 duos
994 1884 1206 1925 Dietschii
1260 1884 1394 1926 libros
1435 1884 1494 1940 p⁵
1537 1887 1581 1927 et
1622 1900 1660 1936 r,

144 1969 324 2009 quarum
354 1954 482 1995 lectio
502 1953 763 1995 »discordie«
782 1967 882 1995 vera
910 1967 999 1995 esse
1017 1953 1198 2003 videtur,
1237 1952 1491 1996 defendatur
1518 1956 1660 2009 atque,

146 2024 181 2065 si
228 2024 324 2077 quis
370 2022 562 2065 codicum
606 2022 777 2063 illorum
827 2021 990 2062 nullam
1048 2022 1347 2063 auctoritatem
1390 2037 1478 2064 esse
1533 2024 1660 2074 dicat,

145 2092 293 2133 Severi
323 2093 439 2132 certe
469 2091 674 2131 fulciatur
701 2091 943 2131 imitatione

375 2158 408 2201 G
428 2158 534 2209 126,
573 2161 592 2199 1
628 2158 918 2209 »Abimelech,
950 2172 1002 2199 ex
1032 2158 1269 2199 concubina
1295 2160 1426 2209 ortus,
1458 2158 1661 2202 fratribus

374 2228 658 2281 interemptiS‚
690 2228 883 2281 pessimis
914 2228 1154 2281 quibusque
1184 2228 1547 2270 consentientibus
1578 2261 1586 2271 .
1616 2260 1626 2270 .
1651 2263 1659 2271 .

377 2309 556 2352 regnum
590 2295 826 2350 occupavit.
858 2296 976 2350 isque
996 2294 1218 2338 discordiis
1248 2295 1435 2338 civilibus
1460 2298 1661 2340 exereitus

377 2379 473 2406 cum
503 2379 603 2405 suos
633 2365 745 2406 bello
776 2367 988 2418 premeret
1018 2365 1126 2405 cet«.

262 2433 401 2488 Ipsius
431 2447 530 2474 vero
547 2431 723 2474 Sallusti
751 2433 1045 2475 consuetudini
1077 2431 1285 2487 pluralem
1315 2447 1403 2475 non
1425 2447 1661 2489 repugnare

141 2504 278 2545 elucet
306 2516 357 2545 ex
386 2501 483 2556 Jug.
517 2502 584 2552 78,
620 2505 638 2543 1
674 2502 756 2544 »ob
786 2503 1015 2544 discordias
1041 2501 1203 2544 civilis«
1230 2534 1238 2542 .

771 2626 862 2668 Cat.
899 2627 967 2677 36,
1000 2627 1039 2668 5.

262 2713 306 2755 Si
337 2713 528 2755 Jordano
571 2714 672 2756 fides
715 2716 912 2765 debetur,
955 2717 999 2756 in
1032 2715 1092 2756 Po
1135 2717 1178 2756 et
1216 2715 1390 2769 optimis
1421 2714 1661 2769 quibusque

137 2782 258 2823 libris
288 2782 493 2837 scriptum
524 2784 611 2824 est:
