1864 3042
886 90 941 131 62

781 238 883 297 Jug.
914 244 986 294 55,
1018 242 1056 284 4.

276 344 325 387 In
346 344 394 386 Pi
424 342 636 398 scriptura
668 343 756 384 »ita
786 357 871 397 quo
901 342 1054 384 clarior
1080 344 1171 384 erat
1188 342 1439 401 (Metellus),
1469 344 1673 402 eomagie

162 413 313 455 anxius
356 414 450 455 erat
492 424 630 466 neque
677 413 775 466 post
814 411 992 453 insidias
1020 409 1260 466 Jugarthae
1303 412 1437 455 effuso
1481 412 1668 456 exercitu
1748 399 1771 416 ἰ

161 481 381 536 praedari«
427 493 515 521 non
559 479 798 529 haererem,
839 480 920 520 nisi
965 481 1140 534 propter
1182 481 1442 536 reliquorum
1480 471 1702 523 codiciam'

160 549 364 592 lectiones
395 562 472 590 »eo
512 547 648 603 magis
688 547 945 589 animosior«
979 547 1045 588 vel
1088 560 1164 589 »eo
1195 548 1451 591 animosior«
1485 547 1574 605 (F.)
1603 545 1670 591 vel

163 631 240 658 »eo
279 617 412 671 magis
448 616 614 657 animus
654 616 830 657 anxius«
872 615 958 672 (M.·
986 615 1076 657 M.²
1116 615 1205 657 M.2
1234 615 1304 672 Τ.)
1347 618 1394 659 in
1437 616 1672 673 archetypo
1739 610 1762 635 7

161 699 304 727 casum
342 684 599 727 substantivi
641 685 860 726 »animus«
903 683 1122 726 additum«
1165 684 1292 727 fuisse
1322 698 1503 741 eumque
1530 685 1577 727 in
1608 683 1670 727 Po

161 754 446 803 intercidisse,
490 753 537 794 in
574 754 726 795 ceteris
765 755 908 794 autem
946 755 1195 808 corruptum
1236 768 1324 796 esse
1363 754 1569 809 suspicari
1598 753 1671 796 d&

161 823 356 865 beremus
385 820 459 864 cfr.
491 820 682 863 Dietsch.
716 836 756 876 p.
789 823 858 863 222
919 820 1001 863 Sed
1032 833 1157 876 quem
1188 836 1326 864 casum
1358 823 1401 865 in
1432 823 1668 878 archetypo
1698 821 1707 867 s

161 891 368 946 scriptum
412 889 541 932 fuisse
573 890 869 932 censebimus?
928 889 1231 932 Nominativus
1268 892 1462 946 quidem,
1501 891 1554 934 de
1583 904 1669 945 quo

163 960 342 1014 propter
394 958 682 1013 exemplorum
730 972 837 1012 quae
878 973 920 1013 p.
963 959 1018 1000 58
1062 958 1311 1014 collegimus
1355 959 1672 1001 multitudinem

160 1027 342 1083 cogitari
371 1027 521 1082 possit,
552 1027 650 1068 huic
682 1027 775 1069 loco
806 1028 945 1068 minus
975 1028 1202 1072 convenire
1231 1028 1414 1078 videtur,
1445 1041 1541 1070 cum
1561 1041 1670 1082 quae

159 1098 396 1150 sequuntur
428 1109 592 1149 »neque
624 1127 634 1136 .
667 1125 677 1135 .
709 1126 718 1135 .
752 1095 884 1137 effuso
915 1096 1101 1137 exercitu
1127 1095 1345 1150 praedari«
1363 1096 1416 1137 ad
1432 1095 1667 1150 subjectum

162 1164 381 1204 »animus«
423 1163 532 1204 male
572 1162 827 1205 referantur.
887 1162 1045 1204 Animo
1089 1163 1204 1204 enim
1242 1164 1381 1204 motus
1419 1165 1463 1205 et
1491 1163 1668 1205 affectus

159 1233 258 1287 apte
300 1232 572 1281 tribuuntur,
618 1232 680 1272 ita
710 1231 768 1272 ub
797 1231 1082 1286 pulcherrime
1113 1231 1279 1273 dicatur
1312 1233 1506 1273 »animus
1535 1231 1672 1287 ardet,

159 1301 368 1344 abhorret
387 1303 496 1353 cet«,
528 1300 599 1343 sed
630 1300 902 1356 imperatoris
932 1314 1027 1341 eum
1057 1301 1207 1355 exequi
1235 1299 1378 1342 officia
1392 1315 1516 1343 nemo
1532 1300 1671 1343 dicere

159 1385 285 1412 ausus
316 1371 384 1412 sit.
448 1369 696 1412 Ablativum
741 1372 908 1421 autem,
947 1384 1070 1424 quem
1102 1383 1246 1412 casum
1275 1369 1521 1412 Dietschius
1550 1383 1672 1426 prae-

160 1440 384 1482 ferendum
429 1441 593 1489 censet,
634 1453 721 1481 non
752 1440 1003 1495 receperim,
1047 1439 1148 1494 quia
1179 1438 1446 1494 adjectivum,
1489 1453 1670 1494 quocum

159 1509 371 1551 ablativus
413 1509 608 1550 »animo«
651 1509 951 1563 conjungitur,
992 1510 1163 1563 praeter
1191 1507 1293 1563 Jug.
1325 1509 1393 1558 52,
1436 1509 1462 1550 6
1503 1508 1670 1550 >animo

158 1591 364 1628 vacuos«,
412 1577 508 1629 113,
549 1578 575 1618 3
622 1578 792 1618 »animo
833 1577 999 1619 varius«
1047 1578 1091 1618 et
1133 1576 1184 1617 D.
1216 1575 1285 1617 Cr.
1318 1576 1383 1618 ΙΙΙ
1416 1580 1436 1619 1
1490 1576 1668 1618 »intenti

158 1647 328 1687 animo«
360 1646 558 1687 omnibus
588 1647 631 1686 et
661 1646 793 1699 ipsius
816 1645 989 1687 Sallusti
1017 1647 1060 1688 et
1074 1645 1305 1687 imitatoris
1321 1645 1543 1699 utriusque
1563 1645 1669 1687 lodis

157 1715 274 1757 vocis
307 1714 501 1756 ›animo‹
536 1715 792 1755 structuram
821 1714 864 1755 in
896 1727 1064 1769 genere,
1105 1727 1297 1763 numero,
1336 1726 1434 1755 casu
1464 1713 1669 1768 sequitur.

159 1782 312 1836 Neque
343 1796 444 1824 vero
485 1782 596 1823 idem
636 1783 686 1823 de
730 1783 921 1837 genitivo
955 1782 1140 1823 ›animi‹
1172 1782 1313 1823 valere
1342 1781 1566 1837 permultis
1597 1781 1672 1823 do-

157 1865 303 1894 cemur
334 1850 539 1905 exemplis
568 1849 645 1892 cfr.
676 1849 786 1892 Hist.
818 1850 862 1892 II
891 1851 946 1893 92
977 1850 1108 1892 animi
1139 1851 1275 1892 atrox.
1336 1849 1397 1891 111
1432 1851 1482 1892 13
1521 1849 1670 1904 ingens

156 1920 247 1975 ipse
294 1919 454 1961 virium'
485 1921 614 1974 atque
656 1919 800 1960 animi.
867 1918 930 1961 III
973 1920 1023 1961 17
1068 1919 1261 1961 firmatus
1306 1919 1451 1960 animi.
1510 1918 1575 1960 ΠΙ
1613 1919 1668 1960 95

157 1989 290 2031 animi
339 1988 514 2031 incertis
559 1988 833 2030 succurritur.
908 1986 970 2030 IV
1002 1988 1055 2030 27
1100 1987 1270 2042 inquies
1317 1987 1463 2029 animi.
1522 1987 1586 2033 IV
1616 1987 1665 2030 71

157 2058 314 2100 nimius
344 2058 489 2099 animi.
550 2057 614 2099 IV
646 2058 699 2099 72
729 2058 882 2099 anxius
911 2057 1043 2099 animi
1074 2058 1204 2112 atque
1234 2057 1436 2099 incertus.

272 2125 384 2169 Dict.
408 2125 474 2169 Or.
511 2125 545 2167 V
562 2127 587 2168 9
618 2126 845 2169 collectum
874 2141 972 2168 eum
1002 2125 1296 2181 refectumque
1326 2126 1474 2168 animi.
1525 2125 1566 2170 S.
1590 2125 1670 2170 Set>

157 2195 201 2237 O.
233 2194 253 2236 Ι
290 2195 353 2244 15,
386 2195 413 2236 4
444 2193 591 2235 furens
620 2194 765 2236 animi.
826 2195 847 2237 I
873 2196 942 2249 33,
974 2195 995 2236 1
1028 2195 1243 2237 modestus
1272 2195 1418 2236 animi.
1475 2194 1581 2246 135,
1617 2196 1668 2237 10

155 2277 302 2305 vecors
333 2263 478 2304 animi.
538 2261 580 2304 11
611 2263 679 2312 45,
712 2264 737 2304 5
769 2263 922 2305 dubius
952 2264 1097 2305 animi.

271 2329 436 2379 Quibus
481 2331 683 2386 exemplis
722 2331 818 2372 addi
850 2333 1029 2386 possunt
1058 2331 1193 2373 multa
1222 2331 1317 2383 alia,
1349 2331 1503 2385 quibus
1532 2330 1671 2377 Sallu-

156 2399 286 2440 stium
327 2413 413 2441 non
460 2399 594 2454 magis
632 2413 760 2454 quam
803 2400 1041 2442 imitatores
1071 2399 1314 2456 saepissime
1344 2400 1578 2455 genitivum
1607 2401 1668 2443 ita
1735 2423 1749 2426 >

155 2480 314 2522 ponere
353 2467 690 2518 demonstratur,
739 2470 787 2509 ut
831 2483 951 2510 casus
994 2469 1067 2511 ille
1110 2469 1229 2524 quasi
1270 2468 1494 2511 circuitum
1537 2471 1667 2524 atque

154 2536 301 2579 orbem
332 2535 599 2587 determinet,
630 2536 745 2579 intra
775 2551 900 2593 quem
930 2538 994 2581 vis
1024 2552 1087 2589 ea,
1124 2551 1232 2594 quae
1264 2537 1472 2593 adjectivo
1504 2537 1669 2595 signifi-

155 2606 290 2654 catur,
321 2604 455 2659 pollet
485 2607 612 2659 atque
634 2605 751 2661 viget
780 2605 854 2648 cfr.
876 2606 966 2649 Cat.
989 2608 1028 2658 5,
1052 2608 1079 2649 4
1109 2607 1174 2649 sui
1207 2606 1417 2662 profusus.
1479 2608 1518 2658 7,
1550 2610 1574 2649 6
1593 2621 1667 2663 pe-

153 2673 304 2715 cuniae
335 2673 544 2715 liberales.
604 2673 703 2730 Jug.
736 2675 805 2729 451,
840 2676 859 2716 1
895 2675 1008 2718 iners
1038 2675 1153 2717 belli.
1213 2674 1325 2717 Hist.
1356 2675 1377 2717 Ι
1411 2675 1492 2717 100
1523 2675 1667 2731 privos

153 2742 245 2796 ipse
287 2741 479 2784 militiae.
539 2742 559 2783 Ι
595 2744 673 2784 106
703 2744 901 2798 egregius
930 2744 1122 2786 militiae.
1184 2742 1224 2785 ΙΙ
1260 2745 1310 2785 13
1353 2743 1453 2784 belli
1495 2756 1674 2799 promp-

145 2809 353 2852 -tissumos
383 2809 651 2866 delegebant.
711 2810 776 2854 111
809 2812 860 2854 81
894 2812 1048 2855 dubius
1078 2812 1241 2855 consili.
1301 2810 1364 2853 IV
1395 2811 1448 2854 48
1480 2811 1691 2856 insoleus
1748 2863 1760 2872 κ
