1864 3042
846 118 901 158 59

326 231 401 281 25,
448 230 469 272 1
531 231 658 284 »quia
707 230 797 285 jam
852 229 1029 272 ardebat
1085 230 1251 272 animus
1307 231 1437 273 vitam
1487 230 1602 272 illius

328 299 538 342 scribere«

21 382 27 385 ·
61 395 63 398 <
98 368 408 414 nominativum
464 368 679 411 »animus«
730 365 813 408 nisi
854 365 967 409 hunc
1011 381 1155 410 casum
1198 367 1242 409 in
1286 381 1362 409 suo
1407 366 1600 422 exemplo

6 432 12 438 ⁴
98 437 357 480 Sallustiano
402 436 603 491 legisset,
645 447 734 478 non
777 434 1035 489 scripturum
1078 434 1207 477 fuisse
1251 435 1478 477 verisimile
1524 436 1599 476 est.

97 505 218 557 Quod
260 505 296 548 si
336 507 450 548 recte
480 504 728 554 statuimus,
769 504 836 546 vel
865 505 1013 546 contra
1043 503 1151 546 Pum
1182 507 1226 547 et
1255 505 1440 560 optimos
1468 504 1602 547 libros

19 566 31 585 ³
52 563 77 568 ,‚
97 573 306 632 scriptura
336 573 529 615 »animus
557 571 756 614 ardebat«
790 586 886 613 vera
905 570 1081 615 Sallusti
1110 587 1260 615 manus
1289 572 1484 615 habenda
1503 574 1599 623 erit,

98 642 347 699 praesertim
385 655 482 683 cum
522 641 652 683 codex
681 640 941 683 Veronensis
971 640 1135 692 Severi,
1181 642 1254 695 qui
1293 642 1475 696 septimo
1510 642 1601 695 jam

0 726 5 730 ·
41 762 44 764 ,
98 710 264 754 saeculo
294 709 476 765 scriptus
492 711 568 762 est,
600 708 708 751 Pum
722 706 1025 751 Sallustianum
1044 710 1253 752 vetustate
1271 709 1399 765 longe
1415 711 1597 765 superet.

721 863 822 919 Jug.
852 864 920 914 32,
954 865 991 907 1.

213 989 400 1033 Memmii
438 991 588 1033 contra
627 988 896 1031 nobilitatem
927 989 1120 1031 oratione
1163 990 1396 1045 perscripta
1423 989 1600 1033 historia

100 1059 201 1101 belli
228 1058 475 1114 Jugarthini
506 1059 572 1100 his
601 1058 876 1101 continuatur
907 1057 1065 1098 verbis:

66 1118 69 1120 ’
330 1126 470 1169 »Haec
528 1128 656 1181 atque
712 1125 796 1167 alia
857 1125 1147 1180 hujuscemodi
1199 1140 1323 1180 saepe
1376 1126 1598 1168 indicendo

325 1195 549 1237 Memmius
579 1194 736 1249 populo
767 1193 1001 1248 persuadet,
1033 1195 1095 1235 uti
1125 1193 1173 1234 L.
1191 1194 1372 1246 Cassius,
1405 1195 1478 1248 qui
1506 1196 1599 1236 tum

326 1265 498 1321 praetor
546 1265 661 1315 erat,
709 1262 761 1306 ad
800 1260 1061 1319 Jugurtham
1109 1262 1371 1314 mitteretur,
1418 1278 1598 1319 eumque

325 1333 578 1388 interposita
607 1332 689 1373 fide
720 1331 891 1386 publica
919 1330 1099 1372 Romam
1126 1331 1326 1373 duceret«

101 1401 376 1444 »indicendo«
407 1401 621 1444 invenitur
649 1401 695 1442 in
726 1399 786 1442 Po
817 1401 860 1442 et
891 1399 935 1442 C.
969 1400 1201 1455 plerisque;
1231 1401 1276 1442 in
1306 1400 1396 1444 Ροι
1428 1401 1600 1443 »dicun-

97 1471 205 1521 do‹;
239 1470 465 1514 »dicendo«
497 1470 541 1512 in
566 1469 611 1512 C.
642 1468 829 1524 reliquis.
887 1467 984 1511 Jam
1013 1482 1111 1511 cum
1132 1469 1389 1525 optimorum
1408 1471 1599 1513 codicum

98 1540 309 1595 scriptura
355 1539 628 1582 »indicendo«
677 1537 942 1580 antecedenti
972 1537 1162 1580 Memmii
1201 1539 1385 1581 orationi
1425 1540 1598 1581 minime

96 1607 334 1659 conveniat,
373 1621 511 1662 neque
539 1608 798 1663 tamen-quo
828 1605 953 1647 modo
983 1605 1146 1660 syllaba
1178 1605 1274 1647 ›in‹
1305 1606 1525 1662 irrepserit
1552 1607 1599 1649 in

95 1678 260 1720 textum
291 1678 508 1733 appareat,
538 1676 797 1731 reliquorum
825 1674 1015 1717 codicum
1033 1674 1229 1717 librarios
1243 1678 1484 1731 corruptam
1510 1677 1597 1731 jam

99 1745 318 1802 archetypi
347 1745 603 1801 scripturam
631 1744 872 1786 emendasse
901 1743 1042 1799 potius
1071 1758 1198 1799 quam
1218 1759 1358 1786 veram
1375 1746 1600 1788 retinuisse

97 1815 370 1857 arbitramur.
428 1814 486 1856 Et
525 1814 738 1869 quamvis,
786 1812 899 1868 quod
936 1811 1150 1855 Jordanus
1189 1813 1394 1867 syllabam
1437 1815 1533 1855 ›in‹
1576 1830 1599 1856 e

98 1883 377 1938 comparativi
410 1883 627 1937 ›saepius‹
660 1882 777 1924 exitu
807 1884 945 1924 ortam
974 1895 1063 1924 esse
1089 1882 1325 1937 suspicatus
1341 1884 1416 1936 est,
1445 1883 1599 1926 blande

99 1952 223 1994 nobis
264 1952 472 2004 arrideat,
513 1953 657 2006 tam-en
696 1953 873 2006 propter
903 1950 1177 2005 Septimium,
1222 1951 1295 2005 qui
1338 1952 1545 1994 orationis
1574 1967 1600 1993 a

98 2018 267 2063 Priamo
298 2020 471 2062 habitae
501 2021 699 2063 eventum
729 2019 943 2070 describit,

46 2080 49 2083 ’
322 2088 343 2132 Ι
379 2091 405 2132 6
450 2089 582 2132 »haee
621 2090 748 2145 atque
788 2088 871 2131 alia
913 2087 1040 2143 hujus
1078 2088 1192 2132 modi
1221 2089 1410 2131 inserens
1438 2088 1598 2132 differri

325 2159 515 2213 querelas
547 2190 556 2199 .
589 2189 598 2199 .
631 2189 641 2199 .
674 2157 819 2213 jubet«

96 2226 150 2268 ab
179 2227 272 2282 ipso
287 2226 489 2270 Sallustio
521 2225 801 2270 »inserendo«
834 2226 899 2269 vel
932 2226 1213 2270 »inmundo«
1244 2227 1447 2281 scriptum
1469 2225 1599 2268 fuisse

94 2293 285 2346 dixerim,
306 2310 484 2351 eamque
500 2296 753 2351 scripturam
769 2296 815 2337 in
833 2294 1106 2337 ›indicendo‹
1124 2296 1369 2349 corruptam
1383 2296 1598 2350 postremo

94 2361 143 2404 in
174 2363 403 2407 »dicendo«
437 2364 702 2406 emendatam
723 2378 825 2406 esse.
887 2363 1008 2411 Quod
1023 2363 1186 2413 vitium,
1217 2364 1253 2404 si
1276 2363 1445 2417 quidem
1461 2361 1598 2405 Sallu-

1 2458 21 2468 ·
96 2430 227 2473 stium
254 2430 332 2474 hac
363 2446 531 2488 quoque
561 2433 607 2474 in
637 2446 682 2474 re
703 2432 859 2474 Severo
888 2431 1158 2474 obversatum
1187 2430 1315 2474 fuisse
1345 2431 1453 2473 sumi
1482 2431 1597 2482 licet,

95 2500 260 2541 mature
292 2499 383 2554 jam
413 2502 561 2542 natum
590 2515 679 2544 esse
708 2500 927 2556 colligitur
956 2515 1007 2541 ex
1038 2499 1181 2542 Severi
1211 2499 1255 2542 G.
1286 2500 1307 2542 I
1336 2501 1405 2551 32,
1434 2501 1460 2542 6
1504 2500 1597 2542 »his

79 2566 224 2621 ,atque
263 2567 358 2610 aliis
398 2568 522 2611 istius
560 2569 674 2611 modi
714 2568 872 2611 frustra
900 2568 1046 2619 dietis,
1085 2582 1182 2610 cum
1215 2568 1399 2624 populus
1427 2568 1473 2609 in
1501 2582 1597 2610 sen-

95 2634 232 2689 tentia
269 2639 578 2691 perseveraret,
625 2638 763 2680 Deum
802 2638 1027 2680 consulit«.
1095 2637 1291 2680 Ceterum
1333 2652 1358 2680 a
1394 2636 1595 2680 Sallustio

26 2719 53 2734 υ
96 2700 307 2745 ablativus
335 2706 533 2759 gerundii
563 2706 709 2747 multis
739 2707 913 2761 ponitur
941 2705 1056 2755 locis,
1089 2705 1242 2760 quibus
1272 2706 1463 2760 plerique
1493 2707 1596 2748 scri-

1 2819 9 2831 ,
95 2768 239 2822 ptores
269 2771 533 2817 nominativo
566 2774 780 2830 participii
811 2774 1044 2830 praesentis
1072 2775 1253 2815 utuntur
1283 2773 1358 2815 cfr.
1380 2773 1472 2816 Cat.
1494 2774 1532 2825 7,
1556 2775 1595 2826 7,

89 2833 190 2890 Jug.
219 2837 287 2888 28,
320 2839 358 2881 7.
419 2841 486 2892 51,
518 2843 557 2884 5.
618 2844 686 2895 61,
716 2844 756 2894 2,
788 2842 842 2884 Η.
873 2842 984 2885 175.
1044 2841 1161 2891 Quae
1191 2842 1468 2897 consuetudo,
1499 2856 1595 2884 cum
