1864 3042
40 2827 61 2835 ,ο

45 2878 63 2887 εκ

0 2903 33 2922 μ’.

0 2929 54 2966 1²2:

1 2966 77 2996 ἐμὲ-ς

0 3003 59 3042 {rs-¹
72 2998 77 3004 ·’

928 88 981 135 19

330 206 432 250 Sall.
462 207 563 263 Jug.
837 206 950 248 Dict.
980 204 1047 247 Cr.
1213 203 1217 208 ’
1369 206 1412 249 S.
1443 205 1537 249 Scir.

199 311 371 348 nobilitas
389 323 433 347 ex
450 312 612 348 lubidine
631 323 693 346 sua
1208 315 1362 351 victores
1379 313 1458 360 Syri
1473 314 1621 348 cruente
1637 310 1699 348 ad-

198 370 263 394 usa
286 360 418 394 multos
438 386 446 394 .
475 386 483 395 .
509 386 517 395 .
542 359 693 394 extinxit
1209 363 1356 397 modum
1380 356 1531 397 victoria
1554 360 1610 394 usi

221 406 259 442 in
282 406 433 442 relicum
731 403 763 441 V
788 406 809 440 2
833 404 870 440 in
895 404 1054 441 futurum
1617 422 1646 448 0

223 457 278 489 set
294 455 339 488 de
358 481 367 488 .
388 480 395 487 .
413 480 421 488 .
440 453 470 488 si
486 452 689 495 singulatim
1232 458 1264 491 D
1289 458 1305 490 Ι
1335 458 1391 493 19,
1417 458 1438 490 6
1459 453 1522 490 sed
1547 464 1605 487 me
1621 453 1697 487 dies

199 504 261 535 aut
284 512 352 545 pro
370 501 615 546 magnitudine
632 510 692 544 pa·
1207 509 1291 539 ante
1324 502 1485 542 deficiet,
1517 511 1624 544 quam
1648 499 1702 533 di-

198 558 274 582 rem
315 548 505 590 differem,
550 550 691 591 tempus
1208 563 1309 586 versa
1318 550 1600 592 miracula‚quae
1610 546 1699 582 mihi

198 606 305 639 quam
338 606 393 630 res
426 595 599 629 maturius
634 605 691 629 me
1208 599 1252 633 de
1287 625 1295 633 ,
1323 624 1331 632 .
1360 625 1367 632 ,
1401 600 1483 632 sunt,
1515 597 1702 639 conperta,

201 642 344 676 deserat
417 689 463 723 43
827 687 829 689 ,
1207 655 1452 682 consummem

222 734 258 779 3)
284 746 384 769 arma
407 736 488 776 tela,
522 745 630 778 equos
654 736 688 767 et
732 730 749 763 I
782 731 826 764 16
858 730 1096 766 instrumenta
1127 732 1192 766 mi-

197 785 316 817 cetera
339 781 575 816 instrumenta
598 780 690 815 mili·
704 776 800 811 lissiae
836 803 844 812 ·
872 803 880 811 ·
907 803 915 811 ·
950 789 1066 823 arma,
1107 779 1191 818 tela.

196 829 268 865 tiae
295 840 422 875 parare
702 824 800 868 equi,
835 836 942 860 naves
973 828 1079 870 atque
1103 826 1192 862 haec

703 872 822 906 omnia
837 875 915 907 toto
931 872 1074 908 biennio
1090 885 1191 918 prae-

701 922 873 963 parantur

220 970 263 1015 4)
279 969 404 1007 civitas
418 979 556 1005 summo
569 968 687 1004 studio
724 967 740 1001 I
775 969 794 1002 Ξ)
826 978 909 1002 cum
934 994 942 1003 .
967 994 976 1002 .
1003 994 1011 1003 .
1044 967 1189 1003 summis

196 1019 425 1053 adnitebatur
701 1015 827 1049 studiis
852 1014 1097 1049 adniterentur

220 1065 257 1110 5)
290 1064 457 1100 omnibus
489 1062 594 1097 rebus
626 1073 686 1107 pa·
723 1060 757 1094 II
783 1061 826 1095 12
851 1061 1024 1096 ordinatis
1042 1061 1188 1107 disposi-

195 1113 282 1148 ratis
336 1110 601 1156 conpositisque
649 1110 683 1145 in
700 1109 813 1154 tisque
831 1110 998 1144 omnibus
1026 1135 1034 1144 .
1061 1136 1069 1145 .
1092 1135 1100 1144 .
1126 1109 1187 1145 do-

194 1159 402 1195 Numidiam
449 1157 687 1202 proficiscitur
701 1168 799 1190 mum
823 1157 977 1191 discedit

226 1207 414 1242 adversum
457 1205 600 1239 divitias
649 1204 684 1238 in
1224 1210 1255 1244 D
1273 1209 1289 1243 1
1307 1209 1364 1253 25,
1382 1209 1404 1241 4
1416 1206 1583 1241 adversus
1596 1204 1694 1240 vani.

194 1254 329 1290 victum
354 1253 512 1288 animum
536 1252 686 1297 gerebat
1200 1260 1314 1292 tatem
1337 1255 1452 1299 adque
1478 1253 1692 1300 jactantiam

1202 1305 1373 1340 invictum
1395 1301 1563 1347 spiritum
1584 1301 1696 1347 gessit

392 1347 450 1382 45.
733 1344 768 1379 II
804 1345 848 1379 41
894 1343 1025 1389 jubent
1064 1354 1187 1379 omnes

219 1395 255 1440 2)
288 1396 327 1429 nt
363 1405 445 1429 cum
478 1391 589 1438 signis
619 1391 684 1427 fre-
701 1391 900 1436 frequentes
947 1391 1042 1437 apud
1089 1403 1188 1426 arma

193 1445 340 1488 quentes
364 1441 572 1477 incederent
700 1451 805 1485 agere

235 1536 269 1580 1)
303 1537 446 1571 Interea
493 1533 684 1579 sug-artha,
734 1535 769 1569 11
812 1536 854 1569 18
894 1535 957 1569 sed
992 1534 1054 1569 ubi
1093 1559 1102 1567 .
1138 1559 1146 1567 .
1178 1558 1186 1566 .
1226 1543 1251 1578 Ο
1278 1543 1313 1577 11
1343 1543 1407 1582 47,
1440 1543 1462 1575 7
1494 1551 1564 1585 quo
1595 1550 1692 1575 eom.

193 1583 255 1618 ubi
281 1610 289 1618 .
315 1610 323 1618 .
351 1608 360 1617 ·
390 1581 556 1626 decepit,
595 1580 684 1615 diffi-
699 1583 878 1628 cognovit,
902 1580 1066 1616 diffidens
1082 1580 1189 1618 rebus
1205 1593 1306 1636 pel-to
1324 1589 1484 1625 Gnostici
1508 1587 1615 1624 diffisi
1637 1598 1693 1622 η.

193 1630 279 1665 dere
303 1631 410 1665 rebus
435 1629 517 1673 suis,
541 1639 584 1662 ac
608 1631 683 1682 tum
698 1631 769 1665 suis
799 1630 1019 1665 deditionem
1049 1628 1189 1673 occepit
1204 1640 1268 1674 bus
1292 1638 1375 1681 suis,
1399 1649 1472 1672 non
1495 1636 1572 1672 augi
1601 1634 1694 1681 judi.

195 1678 341 1713 demum
379 1688 500 1712 veram
535 1676 684 1710 dedltlo·
1203 1688 1257 1722 cio
1266 1687 1548 1729 certare,sp0nte
1557 1693 1694 1718 cessere

192 1735 274 1760 nem
306 1724 424 1759 facere
458 1725 606 1758 conatus
631 1726 685 1757 est

233 1772 269 1817 5)
317 1771 415 1807 obvii
470 1770 694 1815 procedunt!
721 1771 755 1806 11
783 1773 826 1807 13
850 1771 1029 1817 supplices
1054 1772 1091 1805 et
1106 1780 1185 1805 cum
1225 1781 1250 1817 Ο
1268 1782 1285 1816 1
1303 1783 1347 1817 39
1383 1780 1406 1815 5
1428 1778 1624 1815 amicitiam
1645 1777 1692 1813 ab

191 1819 309 1863 parati
339 1819 558 1853 frumentum
588 1818 684 1857 dare,
698 1830 787 1863 pace
828 1819 873 1853 ad
915 1819 1068 1852 Graecos
1104 1804 1243 1864 con-leo
1259 1809 1453 1872 foedasque
1469 1827 1691 1870 peffierffipg.

192 1869 419 1902 conmeatum
441 1869 599 1910 portare,
616 1875 678 1910 po·
699 1866 865 1912 veniunt,
913 1864 1109 1900 amicitiam
1151 1866 1187 1899 et
1201 1877 1271 1912 rati
1292 1877 1470 1922 imperata
1492 1872 1609 1909 facere

192 1917 324 1949 stremo
362 1913 482 1949 omnia
513 1923 603 1957 quae
633 1912 684 1946 in·
697 1914 834 1954 omnia,
875 1924 964 1957 quae
994 1912 1186 1957 inperavis·

193 1964 403 2006 perarentur
426 1960 544 1994 facere
697 1965 788 2003 sent,
813 1961 969 1996 facturos
993 1960 1148 2005 polliciti

216 2053 259 2107 1).
277 2055 354 2108 (ΡΜ
378 2053 465 2089 haut
489 2053 613 2107 procul
638 2053 682 2088 ab
855 2101 862 2109 ·
1050 2101 1056 2107 ⁸
1156 2100 1163 2107 ‚
1225 2066 1251 2102 c
1275 2065 1293 2100 Ι
1319 2067 1376 2106 22,
1409 2066 1432 2100 4
1465 2067 1542 2100 erat
1573 2063 1611 2099 in
1634 2063 1690 2099 his

191 2111 234 2136 eo
250 2105 377 2136 itinere
404 2127 412 2135 .
438 2125 447 2136 .
473 2126 481 2135 .
508 2101 682 2146 oppidum
719 2102 788 2137 118
804 2114 864 2147 qm
877 2100 1060 2138 mercandi
1073 2102 1188 2146 gratia
1201 2114 1287 2149 locis
1326 2113 1500 2158 oppidum
1547 2111 1692 2148 nomine

189 2148 436 2192 Numidarum,
458 2150 603 2182 nomine
615 2149 681 2183 Va·
696 2162 760 2195 per
800 2161 943 2184 omnem
979 2150 1187 2193 Hellespon·
1200 2161 1344 2196 ,ΜΣ-10110

190 2205 233 2230 ca
259 2220 268 2229 .
296 2221 304 2230 .
331 2221 338 2229 .
363 2195 426 2229 ubi
459 2199 495 2229 et
528 2195 682 2229 incolere
695 2201 773 2231 tum
786 2199 1007 2232 commutare
1017 2207 1074 2230 res
1089 2207 1185 2230 cum-

190 2244 227 2277 et
250 2242 403 2277 mercari
428 2245 683 2278 consueverant
696 2245 826 2281 accolis
870 2244 963 2279 sueti
1009 2244 1103 2279 ultro
1137 2244 1185 2279 ci-

188 2289 306 2371 gzlzlici
319 2290 457 2334 generis
469 2291 574 2325 multi
589 2302 682 2325 mor·
696 2297 821 2337 troque
844 2292 1068 2337 vagabantur

242 2346 278 2370 es

213 2428 249 2473 3)
274 2440 377 2464 mons
402 2383 478 2465 ‚45
501 2434 622 2466 vastus
635 2430 681 2466 ab
1221 2436 1252 2471 D
1286 2435 1303 2470 1
1329 2435 1373 2471 35
1387 2459 1397 2477 ‚
1422 2435 1445 2469 8
1471 2444 1551 2470 cum
1575 2444 1689 2470 vacua

188 2479 316 2512 natura
339 2479 376 2512 et
403 2475 559 2514 humano
584 2479 681 2515 cultu
1198 2483 1353 2519 humano
1371 2482 1468 2518 cultu
1480 2481 1600 2518 omnia
1615 2492 1693 2517 cer·

1199 2541 1363 2567 nez-emus

211 2617 247 2662 2)
274 2617 358 2652 dein
375 2572 533 2662 siggulas
545 2621 681 2656 turmas
717 2623 753 2657 ΙΙ
770 2625 815 2658 39
831 2635 986 2669 propere
997 2624 1104 2660 duces
1117 2626 1183 2661 cir·

187 2666 224 2701 et
247 2665 448 2709 manipulos
470 2665 681 2703 circumiens
694 2681 920 2706 cumcumans
942 2683 1074 2716 magna
1097 2684 1184 2709 voce

186 2714 311 2746 monet
343 2720 449 2755 atque
482 2712 682 2749 obtestatur
695 2720 819 2752 monet
842 2717 947 2763 atque
971 2718 1136 2756 hortatur

207 2757 244 2803 4)
269 2757 316 2793 ad
340 2758 410 2793 hoc
433 2758 567 2793 viritim
575 2771 680 2814 ‘com-
1220 2766 1246 2802 G
1271 2767 1288 2801 I
1306 2767 1360 2808 35,
1383 2767 1405 2801 8
1430 2766 1605 2804 allocutus
1622 2770 1687 2814 est,

184 2804 409 2842 monefacere
433 2805 586 2842 benefici
601 2809 655 2843 sui
1194 2825 1258 2849 sua
1304 2814 1343 2848 in
1387 2814 1492 2849 illum
1530 2826 1684 2852 comme-

616 2879 619 2881 ·
1192 2872 1337 2898 morans
1360 2860 1535 2899 beneficia

1345 2917 1398 2960 2*
