1864 3042
921 110 979 155 44

179 225 316 282 ipsius
356 224 555 277 Sallusti,
604 226 832 269 imitatoris
874 241 974 270 vero
1026 240 1200 284 prorsus
1250 226 1417 271 nullum
1472 215 1693 272 invenitur

178 296 444 352 exemplum,
486 295 825 352 posthabendam
869 310 959 340 esse
998 296 1276 349 arbitremur,
1317 299 1366 340 ut
1394 297 1510 341 Vum
1539 299 1607 342 vel
1645 299 1692 342 in

182 366 543 418 insolentioribus,
585 368 620 409 si
650 367 942 424 compluribus
971 367 1234 411 imitatorum
1263 368 1367 411 locis
1396 367 1695 424 defendantur,

184 436 276 480 sine
305 435 392 478 ulla
419 436 687 480 dubitatione
717 437 978 493 sequendum
1008 452 1097 482 esse
1126 439 1376 481 statuamus.

786 607 884 663 Jug.
917 609 983 661 14,
1017 609 1084 650 12.

299 720 420 776 »Ego
451 720 707 777 (Adherbal)
737 721 796 764 sic
827 721 1147 775 existumabam,
1180 721 1323 776 patres
1351 719 1597 775 conscripti,
1628 718 1696 762 uti

180 789 498 844 praedicantem
529 789 771 832 audiveram
787 791 953 845 patrem
973 803 1135 831 meum:
1166 789 1240 844 qui
1256 790 1443 831 vostram
1459 787 1694 831 amicitiam

179 857 409 913 diligenter
436 859 640 909 colerent,
672 873 743 901 eos
773 859 955 901 multum
984 859 1145 901 laboris
1176 859 1400 914 suscipere,
1431 859 1618 900 ceterum
1638 870 1691 900 ex

179 928 378 971 omnibus
405 942 601 971 maxume
630 930 748 971 tutos
777 941 890 971 esse«

295 996 337 1040 V
379 998 589 1039 »multum
625 999 832 1050 laboris«,
876 998 923 1039 P.
954 997 999 1039 G.
1033 997 1241 1038 »multum
1269 997 1501 1038 laborem«.
1543 1019 1601 1028 -—
1631 995 1689 1039 Vi

178 1067 435 1121 scripturam
448 1067 733 1111 Weinholdus
762 1083 837 1111 suo
863 1068 959 1123 jure
985 1067 1236 1124 praetulisse
1250 1066 1431 1110 videtur.
1490 1062 1688 1122 Namque

177 1147 229 1176 ex
261 1135 472 1177 »multum
500 1135 703 1189 laboris«,
744 1150 840 1178 cum
871 1136 1054 1187 librarii,
1088 1138 1287 1177 neutrum
1314 1135 1438 1186 illud,
1480 1135 1592 1190 quod
1621 1134 1691 1176 vel

175 1205 492 1249 substantivum
520 1207 588 1250 vel
618 1207 872 1261 adjectivum
888 1220 977 1250 esse
1003 1207 1156 1263 posset,
1188 1205 1445 1261 adjectivum
1476 1204 1561 1247 rati
1590 1203 1691 1247 sub-

174 1273 408 1316 stantivum
441 1275 682 1317 »laborem«
716 1275 861 1317 eodem
891 1289 991 1317 casu
1020 1275 1249 1325 adicerent,
1280 1275 1533 1329 scripturam
1553 1274 1690 1316 ›mul-

173 1345 266 1384 tum
296 1344 514 1386 laborem«
546 1344 748 1387 facillime
765 1345 870 1387 oriri
899 1344 1088 1400 potuisse
1104 1358 1243 1399 neque
1260 1343 1352 1399 ejus
1367 1343 1482 1386 modi
1500 1356 1688 1389 errorem

175 1412 310 1454 ullum
349 1412 395 1454 in
434 1411 648 1455 femininis
677 1427 756 1455 usu
785 1413 950 1463 venire,
992 1413 1064 1455 sed
1094 1414 1262 1455 tantum
1294 1413 1418 1455 modo
1449 1413 1495 1454 in
1525 1426 1686 1457 mascu-

172 1482 273 1525 linis
311 1484 356 1525 et
392 1483 555 1526 neutris
595 1484 700 1526 scite
739 1485 783 1525 et
811 1483 1030 1540 eleganter
1059 1483 1366 1526 demonstravit
1403 1481 1481 1525 cfr.
1512 1498 1553 1539 p.
1588 1481 1684 1526 194.

172 1552 404 1595 Permultis
433 1567 532 1595 vero
561 1553 764 1608 exemplis
793 1568 879 1595 non
899 1553 1024 1596 modo
1046 1554 1187 1608 ipsum
1204 1551 1451 1596 Sallustium
1471 1544 1686 1596 sedetiam

171 1623 379 1665 sermonis
425 1624 515 1678 ejus
556 1624 793 1665 imitatores
836 1624 1042 1679 adjectiva
1083 1624 1151 1666 vel
1195 1623 1451 1679 pronomina
1494 1623 1686 1665 neutrius

170 1693 339 1748 generis
378 1707 474 1735 cum
503 1694 702 1749 genitivis
730 1694 1094 1736 substantivorum
1124 1693 1385 1749 conjungere
1422 1693 1555 1736 solere
1584 1706 1686 1734 con-

171 1762 333 1804 firmari
372 1764 524 1817 potest.
597 1762 727 1817 Cujus
765 1763 1081 1805 consuetudinis
1120 1777 1377 1818 quamquam
1416 1761 1685 1805 Badstiibner

172 1830 250 1874 »de
265 1830 456 1874 Sallustii
488 1832 655 1875 dicendi
685 1846 867 1888 genere«
899 1848 941 1889 p.
961 1834 1015 1876 24
1044 1833 1250 1876 nonnulla
1279 1833 1453 1888 collegit
1476 1832 1682 1889 exempla,

170 1902 315 1943 tamen
345 1902 381 1943 is
410 1916 609 1944 numerus
639 1903 862 1957 permultis
892 1903 987 1944 aliis
1017 1903 1164 1958 augeri
1198 1904 1352 1958 potest.

285 1971 328 2028 a)
358 1973 561 2026 adjectiva
591 1971 680 2014 Cat.
714 1975 752 2023 6,
787 1975 810 2014 3
841 1973 1044 2028 pleraque
1074 1972 1330 2014 mortalium.
1387 1972 1451 2023 17,
1481 1972 1507 2014 2
1538 1972 1686 2028 pluru-

167 2055 284 2083 mum
315 2042 526 2084 audaciae.
588 2043 657 2093 42,
689 2044 713 2083 2
746 2043 842 2098 plus
871 2042 1037 2084 timoris
1067 2056 1195 2097 quam
1212 2042 1404 2097 periculi.
1448 2041 1543 2097 Jug.
1565 2043 1634 2093 21,
1657 2043 1682 2085 2

169 2111 253 2154 diei
294 2113 543 2154 extremum.
604 2113 673 2163 21,
704 2113 731 2154 2
770 2113 1021 2168 plerumque
1060 2114 1213 2156 noctis.
1276 2114 1344 2164 31,
1377 2113 1432 2154 22
1473 2115 1682 2168 quantum

166 2180 508 2236 inportunitatis,
541 2181 653 2233 37‚4
682 2182 729 2224 in
759 2182 979 2238 praerupti
1009 2182 1168 2224 montis
1199 2183 1400 2224 extremo.
1452 2182 1522 2233 42,
1543 2182 1682 2237 4p1us

165 2250 333 2293 timoris
363 2265 491 2305 quam
521 2252 752 2306 potentiae,
784 2252 851 2302 44,
890 2254 907 2292 1
941 2252 1036 2306 plus
1065 2251 1346 2294 solicitudinis
1377 2265 1504 2305 quam
1534 2250 1679 2295 auxili.

166 2318 236 2371 44,
268 2319 296 2362 4
326 2321 535 2375 quantum
559 2320 778 2375 temporis.
838 2321 906 2371 51,
932 2322 956 2361 2
988 2320 1171 2362 multum
1191 2319 1287 2362 diei.
1334 2319 1401 2371 75,
1421 2319 1449 2361 4
1469 2321 1679 2375 quantum

166 2388 412 2443 plurumum
457 2391 600 2444 potest
644 2390 821 2445 pecoris.
883 2390 956 2440 75,
998 2391 1022 2432 5
1068 2404 1196 2445 quam
1240 2389 1485 2445 plurumum
1528 2403 1676 2444 aquae.

168 2457 240 2509 78,
283 2459 311 2500 4
356 2459 498 2514 legum
544 2459 767 2514 cultusque
807 2459 1023 2515 pleraque.
1083 2459 1151 2511 85,
1194 2459 1219 2500 3
1263 2460 1472 2514 quantum
1516 2459 1679 2515 negoti,

164 2527 234 2578 85,
265 2527 321 2568 40
359 2528 455 2583 plus
495 2528 657 2583 gloriae
689 2543 817 2583 quam
846 2529 1105 2569 divitiarum.
1165 2527 1233 2577 90,
1269 2529 1287 2569 1
1331 2527 1503 2570 aestatis
1539 2530 1680 2571 extre-

162 2611 293 2640 mum.
354 2597 422 2648 93,
464 2598 490 2639 2
535 2612 746 2640 summum
785 2599 956 2641 montis.
1018 2598 1088 2648 93,
1132 2597 1159 2639 4
1198 2598 1352 2640 cuncta
1391 2597 1675 2654 gignentium.

164 2667 233 2718 98,
262 2667 289 2709 6
320 2666 570 2723 plerumque
600 2668 752 2710 noctis.
821 2668 910 2720 102,
930 2670 956 2711 8
987 2666 1188 2710 obfensae
1218 2667 1468 2710 minumum.
1533 2667 1626 2719 102,
1648 2668 1675 2712 9

163 2735 450 2778 humanarum
467 2751 608 2779 rerum
625 2738 841 2793 pleraque.
890 2737 1030 2781 109.-4
1049 2737 1301 2794 plerumque
1322 2736 1475 2779 noctis.
1516 2735 1570 2781 H.
1584 2736 1606 2780 I
1623 2731 1679 2781 1⁴4

160 2805 332 2846 tantum
385 2805 657 2860 antiquitatis
711 2820 932 2862 curaeque.
1018 2806 1039 2849 I
1083 2806 1140 2848 44
1194 2806 1439 2862 plurumum
1492 2805 1671 2851 timoris.

154 2871 199 2914 11
225 2873 296 2925 41,
326 2872 352 2916 7
390 2873 541 2916 Italiae
571 2875 812 2917 marituma.
875 2875 917 2918 Π
948 2875 1006 2918 77·
1030 2875 1116 2918 diei
1145 2875 1296 2918 medio.
1357 2872 1422 2917 111
1451 2875 1478 2918 6
1507 2875 1666 2921 relicua
