1864 3042
861 105 888 148 8

119 223 315 269 Tacitum
343 239 366 267 e
393 222 595 268 Sallustio
624 220 846 264 emendare
877 218 1066 262 videmus
1095 218 1141 260 in
1170 215 1324 260 Philol.
1356 216 1440 260 vol.
1461 213 1621 268 XXVI,

119 311 162 352 p.
204 296 283 337 127
327 309 443 349 sequ.
487 295 531 336 et
569 291 826 346 Benaysium
868 290 941 345 qui
981 289 1028 331 in
1065 288 1174 330 Mus.
1212 287 1349 330 Rhea.
1390 287 1472 330 vol.
1502 285 1620 342 XVI,

119 380 163 421 p.
195 365 303 417 317,
343 363 544 406 Severum
584 362 689 404 locis
719 359 988 402 Sallustianis
1031 357 1233 400 adhibitis
1272 371 1419 400 sanare
1448 358 1626 422 conatus

121 435 198 476 est.
272 432 333 474 At
385 434 534 474 contra
577 432 746 486 praeter
785 426 1113 470 Wiedemanum
1167 426 1260 482 (cfr.
1306 425 1464 469 Philol.
1510 416 1625 480 XIX,

120 517 162 558 p.
187 502 430 556 154—155)
459 515 583 543 nemo
613 501 658 541 ni
687 499 813 540 fallor
833 497 1008 548 exstitit,
1040 497 1114 552 qui
1138 497 1396 539 contrariam
1415 497 1625 539 rationem

117 572 337 626 ingressus
359 572 474 613 vitiis
503 572 577 620 eis,
609 570 762 624 quibus
792 569 883 623 ipse
913 569 1110 622 aegrotat
1130 567 1368 619 Sallustius,
1399 566 1628 609 imitatori-

120 639 200 682 bus
217 642 435 696 tamquam
466 639 639 682 medicis
657 638 868 680 arcessitis
900 637 1059 679 mederi
1079 636 1326 678 instituerit.
1386 635 1502 685 Quae
1529 647 1626 677 cum

117 710 181 750 ita
210 711 311 760 sint,
342 711 534 765 quamvis
563 710 680 750 intra
710 708 849 763 prima
878 721 956 749 nos
987 708 1173 748 staturos
1201 706 1326 747 initia.
1355 719 1493 764 neque
1513 705 1625 748 vires

118 778 181 820 rei
227 779 511 834 magnitudini
553 777 804 820 suffecturas
843 777 950 818 bene
994 775 1330 826 meminerimus,
1376 777 1545 828 tamen,
1587 775 1624 817 si

117 849 409 903 quaestionem
437 848 481 889 in
505 847 552 889 L.
570 847 778 902 Septimio
809 848 852 888 et
873 845 1061 901 Sulpicio
1090 845 1244 887 Severo
1274 846 1622 896 continuerimus,

115 915 206 959 fore
246 931 483 972 speramus,
524 918 573 957 ut
612 930 688 971 pro
728 915 843 956 virili
881 914 1052 968 quidem
1089 914 1285 969 portione
1314 914 1367 956 ad
1396 929 1486 956 rem
1515 913 1625 956 diffi-

116 983 307 1026 ciliorem
347 984 648 1040 expediendam
679 983 957 1025 conferamus.
1019 981 1111 1031 Quo
1141 982 1186 1024 in
1217 982 1391 1037 negotio
1422 983 1624 1037 quoniam

114 1052 316 1105 interest,
361 1067 439 1095 nos
476 1053 721 1095 universum
759 1052 949 1093 locorum
978 1050 1335 1093 Sallustianorum
1378 1065 1484 1106 quos
1527 1051 1624 1093 imi-

38 1114 40 1116 *
113 1123 274 1164 tutores
303 1122 400 1163 illos
430 1124 529 1164 ante
556 1122 701 1163 oculos
720 1121 917 1162 habuisse
936 1120 1142 1175 suspicari
1162 1134 1383 1174 possumus
1401 1134 1623 1162 numerum

114 1204 370 1248 cognoscere
409 1193 538 1246 atque
576 1191 622 1232 in
652 1205 738 1232 uno
768 1191 999 1245 conspectu
1029 1189 1215 1244 positum
1246 1189 1521 1244 perlustrare,
1561 1189 1622 1230 ita

113 1276 204 1304 rem
250 1262 544 1313 instituemus,
586 1264 635 1303 ut
675 1262 838 1303 cunctis
870 1261 1047 1303 Sallusti
1086 1261 1209 1312 locis,
1251 1275 1433 1316 quorum
1464 1262 1622 1304 similes

113 1332 226 1387 apud
265 1332 502 1374 imitatores
542 1333 830 1388 reperiuntur,
870 1332 914 1372 in
954 1332 1091 1386 prima
1126 1345 1292 1386 quaque
1333 1332 1492 1387 pagina
1521 1346 1623 1374 con-

112 1401 301 1456 scriptis,
342 1401 388 1443 in
428 1403 611 1444 secunda
641 1401 855 1457 Septimii,
900 1401 945 1442 in
987 1403 1117 1444 tertia
1147 1400 1292 1443 Severi
1322 1403 1621 1457 consignemus

109 1471 383 1514 imitationes.
443 1471 664 1524 Ceterum,
723 1486 979 1527 quamquam
1020 1472 1109 1526 jam
1155 1470 1347 1513 Cortium
1395 1473 1621 1527 utrumque

110 1540 368 1583 imitatorem
385 1555 686 1596 saepenumero
702 1544 946 1597 respexisse,
966 1541 1247 1601 Bernaysium
1268 1542 1313 1582 in
1334 1541 1620 1597 disputatione

110 1623 187 1651 sua
217 1624 344 1664 quam
375 1625 503 1665 supra
531 1611 795 1652 laudavimus
813 1611 976 1667 (annot.
994 1612 1066 1665 50)
1085 1610 1283 1653 Severum
1305 1625 1400 1653 cum
1420 1611 1620 1653 Sallustio

111 1679 354 1728 contulisse,
388 1680 523 1720 multo
554 1680 696 1734 plures
724 1680 840 1721 locos
872 1680 1152 1721 Sallustianos
1182 1683 1226 1721 et
1256 1681 1543 1723 Dederichum
1573 1683 1618 1723 in

111 1747 297 1788 editione
343 1746 538 1801 Septimii
582 1763 623 1802 p.
671 1748 899 1789 241—-378
948 1749 991 1788 et
1036 1747 1282 1790 Meisterum
1326 1763 1366 1802 p.
1412 1749 1618 1792 VIII—X

108 1815 326 1870 collegisse
364 1831 451 1857 non
490 1816 762 1870 ignorabam,
802 1820 970 1867 tamen,
1013 1818 1112 1871 quia
1143 1818 1278 1859 multa
1315 1819 1443 1860 etiam
1473 1819 1526 1860 ab
1558 1819 1618 1861 eis

109 1885 265 1927 omissa,
300 1898 387 1926 esse
416 1885 625 1935 videbam,
669 1900 757 1927 non
800 1886 966 1940 peperci
998 1886 1135 1927 labori
1165 1901 1271 1936 meo,
1313 1887 1415 1941 quin
1446 1890 1620 1931 cunctos

108 1954 244 2003 locos,
287 1954 442 2008 quibus
481 1955 648 2008 singula
678 1969 789 2009 quae
816 1954 1041 1996 Sallustius
1072 1957 1294 2010 usurpavit
1324 1957 1469 2007 verba,
1513 1959 1618 2012 quot

109 2022 277 2077 quidem
318 2023 364 2063 in
404 2022 540 2064 indice
571 2022 846 2065 Dietschiano
877 2023 1032 2065 collata
1063 2026 1183 2074 suut,
1221 2026 1350 2066 etiam
1381 2027 1492 2080 apud
1522 2027 1617 2069 imi-

107 2092 268 2132 tatores
298 2091 582 2145 reperiuntur,
613 2092 932 2146 perscriberem,
964 2092 1232 2147 perfectoque
1250 2095 1421 2149 negotio
1441 2096 1617 2138 molesto

106 2160 320 2213 taediique
352 2160 492 2214 plen0,
523 2173 619 2200 cum
649 2160 788 2202 denuo
810 2160 1057 2202 Sallustium
1088 2163 1331 2212 tractarem,
1362 2163 1408 2203 in
1437 2164 1619 2219 singulis

107 2227 198 2283 ejus
229 2228 392 2278 verbis,
439 2242 584 2270 nonne
626 2229 756 2270 simili
797 2231 998 2271 contextu
1041 2230 1096 2271 ab
1139 2231 1429 2272 imitatoribus
1476 2232 1617 2286 posita.

106 2298 269 2347 essent,
324 2299 623 2352 perscrutarer.
695 2297 824 2353 Cujus
867 2298 1048 2349 laboris,
1103 2299 1138 2340 si
1183 2300 1368 2355 contigit
1414 2300 1521 2342 mihi
1565 2302 1616 2343 ut

104 2380 329 2409 numerum
373 2366 666 2421 exemplorum
710 2381 934 2423 augerem,
991 2369 1094 2410 satis
1139 2382 1337 2424 magnum
1377 2371 1615 2427 percepisse

69 2429 75 2437 ⁵
104 2436 212 2478 mihi
241 2436 388 2478 videor
417 2435 618 2479 fructum.
629 2437 670 2491 *)

222 2625 256 2672 ‘)
289 2626 460 2663 Editione
485 2626 630 2663 Sallusti
654 2628 886 2665 Dietschiana
910 2631 1021 2676 (Lips.
1050 2632 1167 2675 1859),
1200 2631 1428 2669 Meisteriana
1451 2633 1617 2680 Septimii

102 2684 219 2731 (Lips.
247 2686 365 2733 1872),
390 2685 582 2724 Halmiana
605 2687 727 2724 Severi
750 2688 973 2735 (Vindobon.
1001 2690 1105 2734 1866)
1130 2690 1184 2725 usi
1207 2701 1341 2726 sumus.

1817 1737 1831 1749 l

1844 1281 1864 1919 ‘tn-mma„
