1864 3042
939 126 996 169 24

349 236 450 281 Sall.
481 235 579 292 Jug.
861 239 977 282 Dict.
1008 239 1075 282 Cr.
1223 237 1229 294 Ι
1398 238 1440 283 S.
1471 240 1566 284 Sev.

236 344 289 380 ibi
311 343 396 380 vino
426 345 464 379 et·
487 342 602 388 epulis
626 352 707 377 one·
747 341 798 379 VI
830 344 852 379 6
885 343 947 378 ubi
983 344 1097 379 multo
1133 343 1215 381 vino

213 392 285 427 rati
312 417 321 426 .
340 417 349 426 .
374 417 383 426 .
406 394 520 425 semet
531 390 609 434 igni
625 400 707 424 con·
723 393 829 434 atque
846 392 962 435 epulis
975 392 1132 436 repletos
1155 419 1163 427 .
1180 417 1189 426 .
1208 417 1216 425 .

214 441 388 485 rumpunt
412 437 476 474 cfr.
503 436 581 472 eat.
607 436 665 478 36,
687 436 942 473 4interfieiunt
967 437 1031 474 cfr.
1057 438 1089 476 V
1118 441 1161 474 12

238 532 276 578 2)
299 532 354 567 uti
376 531 448 567 sors
473 531 559 566 tulit
746 531 795 566 VI
825 529 842 564 1·
869 531 922 565 uti
947 531 1020 566 sors
1045 533 1177 567 tulerat

238 579 278 622 3)
312 579 374 614 ubi
405 589 505 614 mare
537 589 707 623 magnum
746 577 781 612 II
818 579 839 613 7
878 578 941 613 ubi
976 605 985 614 .
1018 604 1027 613 .
1053 602 1062 612 .
1101 579 1216 614 ventis

212 637 290 661 esse
331 630 369 661 et
413 626 551 661 saevire
593 625 709 661 ventis
723 625 995 660 adversantibus
1038 637 1137 661 mare
1179 627 1215 660 in

212 673 334 718 coepit.
724 671 799 706 dies
855 673 970 717 magis
1032 673 1216 718 magisque

723 718 858 754 saevire
881 719 1046 764 occoepit
1615 756 1626 765 „

236 765 289 801 ita
312 765 421 801 facies
446 764 606 801 locorum
625 776 707 801 cum
1253 774 1283 808 D
1308 774 1324 808 1
1350 776 1383 818 3,
1411 776 1432 809 4
1457 774 1589 819 quippe
1613 774 1723 810 insta.

211 813 328 849 ventis
353 813 460 848 simul
484 815 643 848 mutatur
1230 821 1293 854 bili
1318 822 1398 856 1000
1421 823 1605 856 arentibus
1620 822 1721 856 hare-

1229 868 1281 901 nis
1325 868 1372 903 ad
1409 880 1552 903 omnem
1582 872 1722 903 motum

437 954 482 987 79
1229 918 1414 950 ventorum
1440 915 1650 951 cedentibus

239 999 274 1043 1)
302 1002 359 1034 set
383 999 550 1044 quoniam
576 999 613 1033 in
641 1026 648 1034 .
668 1025 676 1033 .
698 1026 705 1033 .
1251 1008 1276 1043 C
1302 1008 1319 1042 I
1346 1010 1379 1048 1,
1413 1010 1433 1044 3
1459 1009 1573 1044 visum
1598 1010 1719 1044 autem

210 1047 386 1100 venimus,
421 1058 494 1081 11011
518 1046 704 1091 indignum
1226 1055 1315 1089 mihi
1340 1059 1395 1090 est
1420 1068 1491 1091 non
1511 1056 1718 1100 absurdum,

211 1093 354 1130 videtur
380 1120 388 1128 .
415 1118 424 1128 .
451 1119 460 1128 .
482 1104 683 1128 memorare
1226 1114 1307 1156 cnm
1345 1114 1455 1157 usqne
1495 1128 1503 1136 .
1530 1129 1538 1137 .
1565 1129 1573 1137 .
1609 1113 1720 1137 cucur

1225 1161 1361 1192 mssem,
1382 1155 1490 1184 etiam
1510 1176 1519 1184 .
1534 1176 1542 1184 .
1558 1177 1566 1185 .
1587 1160 1714 1185 conec·

1225 1200 1312 1232 tere.
1360 1197 1392 1231 D
1417 1197 1452 1232 11
1477 1198 1511 1239 6,
1540 1200 1556 1231 1
1583 1201 1620 1231 et
1635 1197 1719 1241 quia

1225 1269 1315 1336 mig,
1339 1245 1453 1325 ῗῑῗέἒῗ
1468 1244 1718 1325 .Ῥὲἔὲἕὲἷὲἓῖ

233 1375 270 1418 6)
295 1376 456 1409 ceterum
472 1373 565 1408 solet
581 1373 617 1407 in
633 1373 703 1408 illis
1224 1337 1288 1418 οἷς
1304 1339 1436 1427 ῙΜ3,224’
1460 1338 1647 1418 gemm-um
1673 1394 1716 1418 ea

206 1419 703 1515 {23531‘31'3335223225‘202
1225 1430 1717 1523 {ssssrffissl’ussississgssissndflssi

230 1563 268 1619 ²8)
300 1562 485 1618 optionem
516 1561 700 1607 Carthagi-
739 1561 756 1595 I
786 1563 826 1596 10
851 1560 1034 1607 optionem
1052 1560 1209 1596 Helenae
1223 1526 1461 1608 ngusffagissmss
1470 1528 1612 1607 mgelata
1647 1572 1716 1607 gibi

205 1622 384 1646 mensium
409 1610 547 1691 ἢέεὸιῠοὺ
715 1608 821 1644 offert
1224 1621 1369 1665 optione
1401 1619 1465 1655 cfr.
1498 1619 1523 1654 C
1549 1619 1584 1653 11
1612 1622 1666 1655 10.
1697 1622 1713 1654 1

237 1705 274 1747 2)
307 1703 527 1739 consuefacit
557 1701 700 1736 ordines
738 1703 772 1737 II
796 1705 843 1738 46
876 1702 1028 1738 conserti
1051 1703 1146 1737 inter
1172 1713 1208 1735 se

203 1750 339 1786 habere
378 1777 384 1784 .
420 1775 429 1785 .
466 1776 476 1786 .
522 1749 698 1794 inperium
715 1755 820 1796 atque
843 1750 995 1797 imperia
1027 1751 1207 1787 servantes

204 1798 397 1834 observare

230 1846 268 1889 4)
293 1843 419 1879 foedus
443 1846 480 1879 et
503 1843 697 1879 amicitiam
1245 1846 1271 1881 C
1292 1847 1309 1880 Ι
1327 1848 1384 1889 39,
1409 1847 1430 1879 5
1455 1846 1649 1881 amicitiam
1665 1847 1711 1883 ab

204 1892 361 1939 petitum
417 1940 463 1973 82
504 1920 507 1921 ⁷
859 1920 862 1923 .
1220 1904 1263 1929 eo
1288 1893 1481 1937 foedusque
1506 1895 1642 1938 petiere

235 1986 273 2032 2)
311 1997 419 2031 supra
460 1987 593 2020 bonum
639 1986 699 2019 aut
735 1987 786 2024 IV
804 1989 846 2023 13
860 1988 956 2024 ultra
972 1988 1112 2024 virilem
1130 1999 1204 2023 mo·
1243 1987 1280 2023 M
1298 1990 1332 2033 2,
1356 1989 1377 2022 7
1403 1987 1497 2023 ultra
1515 1987 1712 2024 humanum

200 2034 392 2069 honestum
415 2034 592 2078 perculsus
713 2035 799 2070 dum
828 2062 836 2070 .
864 2060 873 2070 .
901 2063 909 2071 .
934 2039 1182 2071 consternatus
1221 2035 1368 2070 modum

242 2083 277 2125 3)
321 2080 418 2126 quod
469 2080 545 2126 jam
595 2081 698 2124 parta
735 2083 769 2117 II
782 2084 826 2117 43
841 2083 1034 2119 saeviorob
1045 2087 1202 2129 ereptam
1243 2083 1269 2117 G
1295 2083 1311 2117 Ι
1337 2084 1400 2124 51,
1437 2085 1453 2116 1
1488 2082 1642 2117 fremens
1676 2086 1713 2118 et

199 2128 352 2165 victoria
376 2139 420 2163 ex
442 2128 607 2163 manibus
630 2127 696 2161 eri·
712 2142 731 2165 e
755 2132 920 2167 manibus
945 2132 1099 2177 gloriam
1219 2131 1407 2166 clamitans
1461 2129 1589 2166 victori
1643 2129 1712 2167 sibi

199 2179 352 2222 peretur
419 2222 465 2258 83
1220 2178 1405 2213 victoriam
1431 2179 1522 2222 eripi

227 2271 260 2315 1)
284 2270 421 2306 bellum
448 2295 458 2305 .
485 2295 494 2304 .
520 2296 529 2305 .
563 2268 695 2314 deponi
734 2271 782 2305 IV
822 2274 868 2306 22
905 2283 988 2307 cum
1026 2271 1204 2308 mandatis

712 2319 797 2353 belli
821 2319 1026 2364 deponendi

236 2409 269 2453 1)
315 2412 393 2445 tum
414 2363 518 2445 8witero
560 2410 693 2445 multus
1242 2405 1268 2440 C
1293 2406 1328 2440 ΙΙ
1350 2407 1417 2456 47,
1453 2408 1474 2442 5
1511 2409 1588 2442 tum
1624 2418 1709 2444 vero

196 2458 303 2502 atque
329 2457 587 2539 feroxggnstare
1217 2453 1260 2488 Y.
1272 2456 1377 2498 atque
1392 2453 1427 2489 J.
1444 2455 1559 2489 acrius
1576 2455 1710 2491 instare

220 2549 282 2594 26)
305 2562 388 2586 cum
413 2551 580 2586 omnibns
604 2550 692 2586 locis
731 2557 766 2592 11
802 2559 848 2593 29
878 2557 916 2592 in
947 2568 1008 2592 ore
1042 2556 1199 2591 omnium

194 2609 323 2642 meque
336 2610 468 2644 vosque
490 2598 692 2634 maledictis
706 2606 891 2649 ipsumque
927 2608 963 2639 et,
998 2604 1199 2639 Menelaum

194 2645 356 2681 lacerent
706 2653 931 2688 contumeliis
955 2652 1137 2688 lacerabat

216 2694 278 2737 33)
302 2692 522 2739 praesidium
554 2693 691 2740 agitare
1239 2687 1266 2723 C
1290 2688 1423 2744 11t22,·
1441 2691 1461 2724 3
1488 2689 1707 2735 praesidium

1215 2740 1344 2771 armati
1367 2740 1547 2781 agitarent

215 2785 344 2822 doetus
376 2798 456 2822 sum
483 2814 491 2823 .
513 2813 522 2824 .
548 2811 557 2822 .
591 2785 689 2821 humi
1239 2783 1270 2817 E
1306 2783 1323 2817 1
1338 2808 1347 2824 ,
1387 2786 1431 2818 10
1467 2784 1563 2819 nuda
1598 2782 1708 2821 humo

189 2835 413 2881 requiescere
1217 2830 1349 2867 cubare
1373 2833 1606 2869 consueverat
