1864 3042
106 378 110 381 ’
168 370 317 415 adfatim
341 369 506 414 praebita

894 100 947 142 21

814 213 926 259 Dict.
957 212 1024 257 Cr.

697 322 733 358 11
760 322 802 356 18
819 301 943 356 numni
957 319 1064 355 etiam
1081 317 1167 353 alia-

674 381 742 415 que
768 395 776 403 .
796 395 804 403 .
827 395 834 403 .
857 367 994 402 affatim
1019 366 1166 411 praebe·

675 419 806 452 bantur

299 215 399 260 Sall.
429 215 530 273 Jug.

191 322 227 367 6)
251 321 469 358 frumentum
479 323 515 357 et
522 321 592 357 alia
609 346 617 356 .
630 348 639 357 .
652 347 660 356 .

200 464 237 506 8)
274 462 404 507 quippe
445 462 545 507 eujus
581 473 661 507 spes
699 464 782 500 IV5
802 472 917 507 neque
937 471 1017 505 spes
1034 458 1168 503 reliqua

169 510 285 545 omnis
315 511 353 544 in
386 509 471 554 fuga
495 510 562 544 sita
586 514 663 544 erat
678 512 743 546 nisi
766 511 802 545 in
827 510 912 553 fuga
936 510 990 542 est

196 558 255 601 10)
287 568 393 591 nemo
426 558 585 592 omnium
610 557 662 591 in·
698 559 733 593 II
758 558 803 592 43
832 566 975 603 prorsus
999 553 1096 588 nullo
1117 552 1168 587 in-

168 606 285 640 tactus
310 604 471 649 profugit
677 609 774 641 tacto

213 699 248 741 2)
295 698 341 733 de
376 698 521 733 Metello
569 696 663 732 fama
701 699 749 734 VI
768 700 790 732 6
815 698 860 732 de
876 697 1056 740 Penelopa
1078 694 1167 739 ejus—

170 746 355 791 praeclara
379 756 455 780 esse
677 759 744 790 que
778 745 952 790 pudicitia
986 743 1169 788 praeclara

679 794 773 828 fama

393 840 450 874 57.

200 886 232 930 1)
257 887 304 922 ad
328 886 478 921 Lamam
502 885 665 930 pervenit
700 888 717 922 I
743 889 763 923 5
788 886 938 921 veniunt
962 884 1008 920 ad
1021 884 1166 929 Trojam

197 934 232 979 3)
257 934 393 969 clamor
408 934 534 978 ingens
551 932 665 968 oritur
711 934 747 969 II
788 936 832 969 37
869 934 1004 969 clamor
1043 932 1167 977 ingens

679 983 792 1018 oritur

197 1027 232 1072 6)
256 1030 312 1062 set
335 1038 380 1062 ne
404 1027 485 1062 ilios
507 1027 663 1072 quidem,

171 1076 231 1120 qui
279 1075 405 1120 procul
449 1078 663 1119 manserant,

170 1124 280 1158 timor
304 1122 413 1157 animi
443 1122 528 1157 satis
552 1122 665 1156 muni-

170 1174 298 1205 verat:
346 1181 430 1204 nam
478 1170 665 1213 plerosque

167 1216 289 1262 jacula
315 1243 325 1252 .
353 1243 360 1251 .
388 1242 396 1251 .
423 1216 664 1260 volnerabant,

170 1265 319 1309 parique
331 1263 492 1308 periculo
501 1267 556 1298 set
569 1264 664 1298 {ama

170 1312 287 1355 inpari
311 1311 397 1346 boni
422 1315 527 1355 atque
544 1311 664 1355 ignavi

172 1360 273 1394 erant

196 1641 231 1685 2)
257 1641 325 1675 sibi
337 1641 483 1686 quisque
507 1651 573 1686 pro
589 1651 663 1675 mo·
699 1636 734 1670 ῙῙ
759 1637 804 1671 37
830 1646 988 1670 seorsum
1013 1635 1081 1670 sibi
1098 1636 1166 1670 sin-

170 1688 270 1723 ribus
292 1689 485 1724 consulunt
679 1684 770 1728 gulis
795 1683 1060 1719 consulentibus

195 1735 232 1781 ae
257 1747 479 1781 magnapars
489 1735 661 1770 volnerati
700 1731 734 1765 II
767 1733 790 1765 4
831 1734 886 1785 set
924 1733 961 1766 et
992 1731 1167 1767 vulnerati

678 1790 759 1823 pars
783 1789 938 1813 maxima

195 1840 307 1874 grege
338 1829 434 1865 facto
465 1829 584 1863 locum
609 1839 664 1863 ce-

169 1887 258 1921 pere

193 1923 231 1967 6)
265 1925 304 1958 at
337 1922 515 1968 Jugurtha
549 1922 660 1956 muni·
700 1920 804 1956 1143
838 1932 942 1957 ruere
974 1920 1019 1956 ad
1045 1922 1168 1965 portas

169 1974 292 2005 mento
309 1974 507 2006 castrorum
528 1969 663 2014 inpedi-
678 1980 789 2012 eoque
811 1971 890 2003 arto
917 1972 953 2003 et
976 1978 1169 2013 properan-

170 2019 240 2063 tus,
275 2028 357 2052 cum
381 2017 441 2052 alii
463 2028 569 2060 super
592 2017 663 2050 val·
679 2016 766 2049 tium
797 2016 1025 2050 multitudine
1055 2015 1169 2059 impe·

170 2064 245 2099 lum
255 2064 589 2109 praecipitarentur,
605 2064 663 2097 alii
678 2063 753 2097 dito
769 2063 942 2107 ingressu,
965 2074 1046 2097 cum
1064 2073 1170 2106 super

171 2111 208 2146 in
257 2112 430 2155 angustiis
478 2111 548 2155 ipsi
596 2111 664 2144 sibi
679 2110 787 2144 alium
810 2110 899 2145 alius
920 2111 1044 2145 ruinae
1060 2109 1170 2144 modo

170 2162 404 2203 properantes
413 2157 626 2193 obficerent.
637 2183 644 2191 .
657 2184 664 2191 .
680 2157 975 2201 praecipitaretur
986 2183 993 2197 ,
1049 2167 1170 2201 super-

170 2216 248 2240 sese
271 2205 411 2249 recepit
681 2204 777 2238 venit
803 2229 812 2237 .
839 2229 848 2237 .
875 2230 883 2238 .
906 2204 995 2249 Ajax

194 2298 230 2342 2)
260 2298 321 2342 qui
351 2299 389 2332 in
414 2309 588 2343 proxumo
613 2298 666 2332 lo-

171 2345 244 2381 cati
268 2346 409 2380 fuerant

195 2394 233 2438 3)
258 2404 372 2437 neque
394 2392 527 2428 diutius
543 2392 666 2428 Numi·
702 2391 737 2426 II
779 2394 823 2428 12
864 2403 979 2438 neque
1018 2393 1172 2439 amplius

171 2439 239 2475 dae
262 2441 427 2475 resistere
458 2440 664 2484 quivissent,
679 2439 797 2473 resisti
844 2441 919 2486 jam
969 2440 1064 2485 apud
1112 2451 1171 2475 eos

173 2487 212 2522 ni
394 2533 440 2567 60
681 2489 836 2531 poterat,
859 2487 945 2532 quin

204 2579 241 2624 7)
290 2579 442 2624 denique
489 2579 666 2623 utrimque
701 2581 737 2615 11
775 2583 819 2615 23
857 2580 940 2615 dein
971 2591 1042 2614 nox
1077 2606 1086 2615 .

171 2626 350 2673 proelium
374 2637 446 2708 ngx
471 2626 620 2663 diremit
681 2627 857 2674 proelium
883 2626 1029 2663 diremit

204 2720 236 2766 1)
260 2720 322 2756 ubi
346 2721 505 2766 primum
524 2723 667 2766 oportu·
702 2720 720 2756 1
746 2723 787 2756 11
814 2731 895 2758 cum
929 2720 1087 2766 primum
1111 2733 1173 2769 op-

170 2780 262 2805 num
286 2768 354 2803 fuit
681 2772 875 2814 portunum
898 2768 1013 2804 visum
1037 2772 1091 2805 est

196 2815 414 2861 Jugurtham
435 2840 443 2850 .
454 2841 462 2850 .
477 2841 487 2850 .
504 2814 665 2859 adcedit,

167 2865 292 2900 monet
319 2865 427 2909 atque
455 2863 662 2899 lacrumans

1335 208 1378 252 S.
1409 207 1502 252 Sev.

1205 1030 1236 1064 D
1267 1029 1284 1064 1
1316 1029 1373 1064 24.
1404 1028 1427 1063 4
1459 1030 1546 1073 puta
1576 1026 1671 1062 enim

1182 1078 1287 1111 istum
1303 1076 1409 1111 fuisse
1425 1076 1588 1118 militem,
1613 1074 1673 1119 qui

1182 1124 1394 1170 pugnaverit
1405 1124 1441 1158 in
1459 1123 1581 1167 iniquo
1592 1122 1673 1157 loco

1182 1176 1218 1206 et
1242 1175 1363 1206 tamen
1380 1171 1496 1205 victor
1508 1170 1671 1212 evaserit,

1181 1220 1262 1254 illos
1294 1221 1412 1253 autem
1447 1228 1557 1262 aeque
1591 1228 1673 1251 con-

1183 1278 1275 1312 pone
1300 1266 1492 1308 militibus,
1528 1268 1583 1299 set
1613 1263 1673 1308 qui

1181 1325 1223 1348 ex
1241 1325 1353 1357 aequo
1377 1313 1457 1347 loco
1483 1315 1544 1346 aut
1563 1312 1672 1346 etiam

1182 1361 1228 1395 de
1251 1360 1433 1404 superiore
1449 1358 1675 1394 certaverint.

1181 1408 1267 1452 quid
1293 1407 1404 1452 ergo?
1429 1406 1497 1441 etsi
1513 1406 1672 1440 omnium

1184 1466 1253 1489 una
1290 1454 1440 1488 victoria
1481 1456 1555 1496 est,
1600 1462 1673 1486 non

1181 1504 1300 1546 potest
1323 1500 1483 1536 omnium
1510 1509 1586 1535 esse
1608 1509 1675 1544 par

1181 1549 1296 1594 gloria

1204 1834 1235 1869 Ε
1252 1836 1286 1878 3,
1312 1835 1334 1869 8
1360 1843 1469 1878 grege
1485 1831 1581 1867 iacto
1607 1855 1618 1865 .
1636 1857 1644 1866 .
1666 1856 1675 1865 .

1181 1886 1320 1917 montes
1344 1880 1521 1924 silvasque
1538 1878 1675 1924 petiere

1209 2294 1247 2377 lig
1278 2294 1342 2336 22,
1380 2291 1401 2325 ὅ
1441 2290 1479 2324 in
1510 2285 1677 2333 proximo

1185 2352 1222 2377 es

1209 2808 1236 2844 G
1251 2807 1287 2842 11
1310 2808 1368 2851 44,
1388 2808 1408 2842 1
1426 2805 1492 2842 hos
1507 2806 1677 2854 precibus

1186 2855 1395 2903 aggreditur
1418 2865 1462 2891 ac
1485 2855 1677 2892 lacrimans
