<?xml version="1.0" encoding="UTF-8"?>
<!DOCTYPE html PUBLIC "-//W3C//DTD XHTML 1.0 Transitional//EN"
    "http://www.w3.org/TR/xhtml1/DTD/xhtml1-transitional.dtd">
<html xmlns="http://www.w3.org/1999/xhtml" xml:lang="en" lang="en">
 <head>
  <title>
</title>
<meta http-equiv="Content-Type" content="text/html;charset=utf-8" />
  <meta name='ocr-system' content='tesseract 3.04.00' />
  <meta name='ocr-capabilities' content='ocr_page ocr_carea ocr_par ocr_line ocrx_word'/>
</head>
<body>
  <div class='ocr_page' id='page_1' title='image "4737844_0020.png"; bbox 0 0 1864 3042; ppageno 0'>
   <div class='ocr_carea' id='block_1_1' title="bbox 917 67 972 112">
    <p class='ocr_par' dir='ltr' id='par_1_1' title="bbox 917 67 972 112">
     <span class='ocr_line' id='line_1_1' title="bbox 917 67 972 112; baseline -0.018 0"><span class='ocrx_word' id='word_1_1' title='bbox 917 67 972 112; x_wconf 84' lang='lat'>14</span> 
     </span>
    </p>
   </div>
   <div class='ocr_carea' id='block_1_2' title="bbox 161 179 1511 465">
    <p class='ocr_par' dir='ltr' id='par_1_2' title="bbox 161 179 1511 465">
     <span class='ocr_line' id='line_1_2' title="bbox 312 179 1511 239; baseline 0.003 -15"><span class='ocrx_word' id='word_1_2' title='bbox 312 179 413 225; x_wconf 81' lang='lat' dir='ltr'><strong>Sall.</strong></span> <span class='ocrx_word' id='word_1_3' title='bbox 443 179 544 239; x_wconf 83' lang='lat' dir='ltr'><strong>Jug.</strong></span> <span class='ocrx_word' id='word_1_4' title='bbox 819 180 934 226; x_wconf 88' lang='lat' dir='ltr'><strong>Dict.</strong></span> <span class='ocrx_word' id='word_1_5' title='bbox 964 179 1032 225; x_wconf 83' lang='lat' dir='ltr'><strong>Cr.</strong></span> <span class='ocrx_word' id='word_1_6' title='bbox 1186 180 1189 189; x_wconf 62' lang='lat'><em>²</em></span> <span class='ocrx_word' id='word_1_7' title='bbox 1341 181 1386 227; x_wconf 84' lang='lat' dir='ltr'><strong>S.</strong></span> <span class='ocrx_word' id='word_1_8' title='bbox 1415 182 1511 227; x_wconf 79' lang='lat' dir='ltr'><strong>Sev-</strong></span> 
     </span>
     <span class='ocr_line' id='line_1_3' title="bbox 388 286 448 321; baseline 0 0"><span class='ocrx_word' id='word_1_9' title='bbox 388 286 448 321; x_wconf 88' lang='lat'><strong>18.</strong></span> 
     </span>
     <span class='ocr_line' id='line_1_4' title="bbox 161 332 659 465; baseline -0.002 -48"><span class='ocrx_word' id='word_1_10' title='bbox 161 332 535 465; x_wconf 47' lang='lat'><strong>333303011335533:</strong></span> <span class='ocrx_word' id='word_1_11' title='bbox 549 343 659 416; x_wconf 61' lang='lat' dir='ltr'><strong>ffl.</strong></span> 
     </span>
    </p>
   </div>
   <div class='ocr_carea' id='block_1_3' title="bbox 639 175 678 2859">
    <p class='ocr_par' dir='ltr' id='par_1_3' title="bbox 639 175 678 2859">
     <span class='ocr_line' id='line_1_5' title="bbox 657 175 678 624; baseline 0 0"><span class='ocrx_word' id='word_1_12' title='bbox 657 175 678 624; x_wconf 95' lang='lat' dir='ltr'><strong>     </strong></span> 
     </span>
     <span class='ocr_line' id='line_1_6' title="bbox 654 624 671 872; baseline 0 0"><span class='ocrx_word' id='word_1_13' title='bbox 654 624 671 872; x_wconf 95' lang='lat' dir='ltr'><strong>    </strong></span> 
     </span>
     <span class='ocr_line' id='line_1_7' title="bbox 650 1062 664 1297; baseline 0 -184"><span class='ocrx_word' id='word_1_14' title='bbox 650 1062 664 1297; x_wconf 95' lang='lat' dir='ltr'><strong>     </strong></span> 
     </span>
     <span class='ocr_line' id='line_1_8' title="bbox 647 1297 663 1492; baseline 0 0"><span class='ocrx_word' id='word_1_15' title='bbox 647 1297 663 1492; x_wconf 95' lang='lat' dir='ltr'><strong>    </strong></span> 
     </span>
     <span class='ocr_line' id='line_1_9' title="bbox 645 1492 661 1908; baseline 0 -378"><span class='ocrx_word' id='word_1_16' title='bbox 645 1492 661 1908; x_wconf 95' lang='lat' dir='ltr'><strong>   </strong></span> 
     </span>
     <span class='ocr_line' id='line_1_10' title="bbox 639 2805 646 2859; baseline 0 183"><span class='ocrx_word' id='word_1_17' title='bbox 639 2805 646 2859; x_wconf 95' lang='lat' dir='ltr'><strong> </strong></span> 
     </span>
    </p>
   </div>
   <div class='ocr_carea' id='block_1_4' title="bbox 1178 333 1672 511">
    <p class='ocr_par' dir='ltr' id='par_1_4' title="bbox 1178 333 1672 511">
     <span class='ocr_line' id='line_1_11' title="bbox 1201 333 1668 380; baseline 0.004 -11"><span class='ocrx_word' id='word_1_18' title='bbox 1201 333 1232 369; x_wconf 96' lang='lat' dir='ltr'>D</span> <span class='ocrx_word' id='word_1_19' title='bbox 1244 333 1263 369; x_wconf 95' lang='lat'>1</span> <span class='ocrx_word' id='word_1_20' title='bbox 1276 334 1333 376; x_wconf 91' lang='lat'>15,</span> <span class='ocrx_word' id='word_1_21' title='bbox 1353 335 1374 369; x_wconf 89' lang='grc'>2</span> <span class='ocrx_word' id='word_1_22' title='bbox 1384 333 1483 370; x_wconf 89' lang='lat' dir='ltr'><strong>nullo</strong></span> <span class='ocrx_word' id='word_1_23' title='bbox 1495 344 1668 380; x_wconf 66' lang='lat' dir='ltr'><strong>umquem</strong></span> 
     </span>
     <span class='ocr_line' id='line_1_12' title="bbox 1178 380 1671 418; baseline 0.004 -2"><span class='ocrx_word' id='word_1_24' title='bbox 1178 384 1278 417; x_wconf 87' lang='lat' dir='ltr'><strong>certo</strong></span> <span class='ocrx_word' id='word_1_25' title='bbox 1301 380 1383 417; x_wconf 89' lang='lat' dir='ltr'><strong>loco</strong></span> <span class='ocrx_word' id='word_1_26' title='bbox 1407 381 1605 418; x_wconf 81' lang='lat' dir='ltr'><strong>consistunt</strong></span> <span class='ocrx_word' id='word_1_27' title='bbox 1622 399 1671 408; x_wconf 90' lang='lat'>—</span> 
     </span>
     <span class='ocr_line' id='line_1_13' title="bbox 1178 427 1672 511; baseline 0.002 -46"><span class='ocrx_word' id='word_1_28' title='bbox 1178 440 1272 511; x_wconf 55' lang='grc' dir='ltr'><strong>(1ξὲζέ</strong></span> <span class='ocrx_word' id='word_1_29' title='bbox 1273 440 1357 511; x_wconf 47' lang='lat'><strong>¹3:0¹</strong></span> <span class='ocrx_word' id='word_1_30' title='bbox 1373 428 1546 476; x_wconf 75' lang='lat' dir='ltr'>coegerit,</span> <span class='ocrx_word' id='word_1_31' title='bbox 1569 427 1672 466; x_wconf 78' lang='lat' dir='ltr'><strong>sedes</strong></span> 
     </span>
    </p>
   </div>
   <div class='ocr_carea' id='block_1_5' title="bbox 160 520 1676 654">
    <p class='ocr_par' dir='ltr' id='par_1_5' title="bbox 160 520 1676 654">
     <span class='ocr_line' id='line_1_14' title="bbox 189 520 1676 570; baseline -0.001 -13"><span class='ocrx_word' id='word_1_32' title='bbox 189 521 228 568; x_wconf 87' lang='grc'><strong>7)</strong></span> <span class='ocrx_word' id='word_1_33' title='bbox 259 521 294 558; x_wconf 90' lang='lat' dir='ltr'><strong>ei</strong></span> <span class='ocrx_word' id='word_1_34' title='bbox 316 521 489 568; x_wconf 69' lang='lat' dir='ltr'><strong>paulatim</strong></span> <span class='ocrx_word' id='word_1_35' title='bbox 511 532 577 568; x_wconf 86' lang='lat' dir='ltr'><strong>per</strong></span> <span class='ocrx_word' id='word_1_36' title='bbox 600 532 659 558; x_wconf 94' lang='lat' dir='ltr'><strong>co·</strong></span> <span class='ocrx_word' id='word_1_37' title='bbox 1203 523 1230 559; x_wconf 88' lang='lat' dir='ltr'>C</span> <span class='ocrx_word' id='word_1_38' title='bbox 1255 523 1272 559; x_wconf 91' lang='lat'>1</span> <span class='ocrx_word' id='word_1_39' title='bbox 1297 525 1331 570; x_wconf 87' lang='lat'><strong>2,</strong></span> <span class='ocrx_word' id='word_1_40' title='bbox 1354 523 1376 558; x_wconf 81' lang='lat'><strong>&#39;7</strong></span> <span class='ocrx_word' id='word_1_41' title='bbox 1410 521 1530 568; x_wconf 80' lang='lat' dir='ltr'><strong>angeli</strong></span> <span class='ocrx_word' id='word_1_42' title='bbox 1552 520 1676 557; x_wconf 82' lang='lat' dir='ltr'><strong>matri·</strong></span> 
     </span>
     <span class='ocr_line' id='line_1_15' title="bbox 162 569 1674 625; baseline 0.001 -20"><span class='ocrx_word' id='word_1_43' title='bbox 162 569 272 625; x_wconf 61' lang='lat' dir='ltr'><strong>nubit</strong></span> <span class='ocrx_word' id='word_1_44' title='bbox 322 569 491 606; x_wconf 70' lang='lat' dir='ltr'><strong>Gaetulos</strong></span> <span class='ocrx_word' id='word_1_45' title='bbox 536 580 657 605; x_wconf 89' lang='lat' dir='ltr'><strong>secum</strong></span> <span class='ocrx_word' id='word_1_46' title='bbox 1179 571 1312 606; x_wconf 86' lang='lat' dir='ltr'><strong>moniis</strong></span> <span class='ocrx_word' id='word_1_47' title='bbox 1367 580 1406 606; x_wconf 89' lang='lat' dir='ltr'><strong>se</strong></span> <span class='ocrx_word' id='word_1_48' title='bbox 1459 569 1674 606; x_wconf 73' lang='lat' dir='ltr'><strong>mortalibus</strong></span> 
     </span>
     <span class='ocr_line' id='line_1_16' title="bbox 160 619 1396 654; baseline 0.001 -1"><span class='ocrx_word' id='word_1_49' title='bbox 160 627 337 653; x_wconf 74' lang='lat' dir='ltr'><strong>miscuere</strong></span> <span class='ocrx_word' id='word_1_50' title='bbox 1179 619 1396 654; x_wconf 85' lang='lat' dir='ltr'><strong>miscuerunt</strong></span> 
     </span>
    </p>
   </div>
   <div class='ocr_carea' id='block_1_6' title="bbox 1175 662 1674 847">
    <p class='ocr_par' dir='ltr' id='par_1_6' title="bbox 1175 662 1674 842">
     <span class='ocr_line' id='line_1_17' title="bbox 1202 662 1674 719; baseline -0.006 -17"><span class='ocrx_word' id='word_1_51' title='bbox 1202 667 1233 701; x_wconf 95' lang='lat' dir='ltr'>D</span> <span class='ocrx_word' id='word_1_52' title='bbox 1258 666 1276 701; x_wconf 95' lang='lat' dir='ltr'>I</span> <span class='ocrx_word' id='word_1_53' title='bbox 1301 668 1336 708; x_wconf 99' lang='lat'><strong>3</strong></span> <span class='ocrx_word' id='word_1_54' title='bbox 1370 667 1390 700; x_wconf 88' lang='lat'><strong>3</strong></span> <span class='ocrx_word' id='word_1_55' title='bbox 1417 664 1600 710; x_wconf 83' lang='lat' dir='ltr'><strong>tugurium</strong></span> <span class='ocrx_word' id='word_1_56' title='bbox 1613 662 1674 719; x_wconf 80' lang='grc'>.’.,</span> 
     </span>
     <span class='ocr_line' id='line_1_18' title="bbox 1176 710 1672 758; baseline -0.006 -9"><span class='ocrx_word' id='word_1_57' title='bbox 1176 713 1276 758; x_wconf 84' lang='lat' dir='ltr'><strong>cujus</strong></span> <span class='ocrx_word' id='word_1_58' title='bbox 1288 714 1424 748; x_wconf 86' lang='lat' dir='ltr'><strong>tectum</strong></span> <span class='ocrx_word' id='word_1_59' title='bbox 1439 712 1539 756; x_wconf 81' lang='lat' dir='ltr'><strong>quusi</strong></span> <span class='ocrx_word' id='word_1_60' title='bbox 1550 710 1672 747; x_wconf 70' lang='lat' dir='ltr'><strong>carina</strong></span> 
     </span>
     <span class='ocr_line' id='line_1_19' title="bbox 1175 759 1668 804; baseline -0.008 -8"><span class='ocrx_word' id='word_1_61' title='bbox 1175 761 1274 796; x_wconf 72' lang='lat' dir='ltr'><strong>navis</strong></span> <span class='ocrx_word' id='word_1_62' title='bbox 1319 762 1417 803; x_wconf 80' lang='lat' dir='ltr'><strong>erat,</strong></span> <span class='ocrx_word' id='word_1_63' title='bbox 1454 759 1668 804; x_wconf 81' lang='lat' dir='ltr'><strong>contiguum</strong></span> 
     </span>
     <span class='ocr_line' id='line_1_20' title="bbox 1175 804 1669 847; baseline -0.004 -5"><span class='ocrx_word' id='word_1_64' title='bbox 1175 811 1311 847; x_wconf 76' lang='lat' dir='ltr'><strong>terrae,</strong></span> <span class='ocrx_word' id='word_1_65' title='bbox 1347 804 1460 840; x_wconf 85' lang='lat' dir='ltr'><strong>firmis</strong></span> <span class='ocrx_word' id='word_1_66' title='bbox 1496 805 1669 842; x_wconf 72' lang='lat' dir='ltr'><strong>tabulatis</strong></span> 
     </span>
    </p>
   </div>
   <div class='ocr_carea' id='block_1_7' title="bbox 1173 856 1397 891">
    <p class='ocr_par' dir='ltr' id='par_1_7' title="bbox 1173 856 1397 891">
     <span class='ocr_line' id='line_1_21' title="bbox 1173 856 1397 891; baseline -0.009 -1"><span class='ocrx_word' id='word_1_67' title='bbox 1173 856 1397 891; x_wconf 80' lang='lat' dir='ltr'><strong>constratum</strong></span> 
     </span>
    </p>
   </div>
   <div class='ocr_carea' id='block_1_8' title="bbox 157 663 656 805">
    <p class='ocr_par' dir='ltr' id='par_1_8' title="bbox 157 663 656 805">
     <span class='ocr_line' id='line_1_22' title="bbox 184 663 655 710; baseline 0 -10"><span class='ocrx_word' id='word_1_68' title='bbox 184 665 224 708; x_wconf 88' lang='lat'><strong>8)</strong></span> <span class='ocrx_word' id='word_1_69' title='bbox 247 663 410 699; x_wconf 78' lang='lat' dir='ltr'><strong>aedificia</strong></span> <span class='ocrx_word' id='word_1_70' title='bbox 432 689 443 699; x_wconf 90' lang='lat'><strong>.</strong></span> <span class='ocrx_word' id='word_1_71' title='bbox 463 690 471 699; x_wconf 94' lang='lat'><strong>.</strong></span> <span class='ocrx_word' id='word_1_72' title='bbox 487 664 655 710; x_wconf 79' lang='lat' dir='ltr'><strong>oblonga,</strong></span> 
     </span>
     <span class='ocr_line' id='line_1_23' title="bbox 157 710 655 768; baseline 0 -21"><span class='ocrx_word' id='word_1_73' title='bbox 157 710 316 767; x_wconf 74' lang='lat' dir='ltr'><strong>incurvis</strong></span> <span class='ocrx_word' id='word_1_74' title='bbox 341 710 517 768; x_wconf 79' lang='lat' dir='ltr'><strong>lateribus</strong></span> <span class='ocrx_word' id='word_1_75' title='bbox 546 715 655 756; x_wconf 82' lang='lat' dir='ltr'><strong>tecta,</strong></span> 
     </span>
     <span class='ocr_line' id='line_1_24' title="bbox 158 763 656 805; baseline -0.002 -10"><span class='ocrx_word' id='word_1_76' title='bbox 158 770 261 805; x_wconf 74' lang='lat' dir='ltr'><strong>quusi</strong></span> <span class='ocrx_word' id='word_1_77' title='bbox 268 769 415 795; x_wconf 78' lang='lat' dir='ltr'><strong>navium</strong></span> <span class='ocrx_word' id='word_1_78' title='bbox 422 769 566 796; x_wconf 78' lang='lat' dir='ltr'><strong>carinae</strong></span> <span class='ocrx_word' id='word_1_79' title='bbox 573 763 656 795; x_wconf 88' lang='lat' dir='ltr'><strong>sunt</strong></span> 
     </span>
    </p>
   </div>
   <div class='ocr_carea' id='block_1_9' title="bbox 151 896 1160 1512">
    <p class='ocr_par' dir='ltr' id='par_1_9' title="bbox 159 896 1158 983">
     <span class='ocr_line' id='line_1_25' title="bbox 183 896 1158 945; baseline -0.004 -8"><span class='ocrx_word' id='word_1_80' title='bbox 183 899 221 945; x_wconf 88' lang='grc'><strong>9)</strong></span> <span class='ocrx_word' id='word_1_81' title='bbox 246 901 386 935; x_wconf 78' lang='lat' dir='ltr'><strong>mutare</strong></span> <span class='ocrx_word' id='word_1_82' title='bbox 410 910 469 936; x_wconf 85' lang='lat' dir='ltr'><strong>res</strong></span> <span class='ocrx_word' id='word_1_83' title='bbox 492 898 589 935; x_wconf 88' lang='lat' dir='ltr'><strong>inter</strong></span> <span class='ocrx_word' id='word_1_84' title='bbox 615 908 653 933; x_wconf 89' lang='lat' dir='ltr'><strong>se</strong></span> <span class='ocrx_word' id='word_1_85' title='bbox 690 896 758 932; x_wconf 89' lang='lat'><strong>118</strong></span> <span class='ocrx_word' id='word_1_86' title='bbox 783 900 991 935; x_wconf 78' lang='lat' dir='ltr'><strong>conmuture</strong></span> <span class='ocrx_word' id='word_1_87' title='bbox 1005 909 1062 935; x_wconf 88' lang='lat' dir='ltr'><strong>res</strong></span> <span class='ocrx_word' id='word_1_88' title='bbox 1078 908 1158 934; x_wconf 90' lang='lat' dir='ltr'><strong>cum</strong></span> 
     </span>
     <span class='ocr_line' id='line_1_26' title="bbox 159 945 915 983; baseline -0.001 -1"><span class='ocrx_word' id='word_1_89' title='bbox 159 947 392 983; x_wconf 75' lang='lat' dir='ltr'><strong>instituerant</strong></span> <span class='ocrx_word' id='word_1_90' title='bbox 667 945 798 981; x_wconf 81' lang='lat' dir='ltr'><strong>accolis</strong></span> <span class='ocrx_word' id='word_1_91' title='bbox 822 947 915 981; x_wconf 87' lang='lat' dir='ltr'><strong>sueti</strong></span> 
     </span>
    </p>

    <p class='ocr_par' dir='ltr' id='par_1_10' title="bbox 155 991 1160 1079">
     <span class='ocr_line' id='line_1_27' title="bbox 187 991 1160 1039; baseline -0.002 -10"><span class='ocrx_word' id='word_1_92' title='bbox 187 995 243 1039; x_wconf 92' lang='lat'><strong>11)</strong></span> <span class='ocrx_word' id='word_1_93' title='bbox 267 1005 325 1029; x_wconf 88' lang='lat' dir='ltr'><strong>res</strong></span> <span class='ocrx_word' id='word_1_94' title='bbox 345 993 534 1030; x_wconf 78' lang='lat' dir='ltr'><strong>Persarum</strong></span> <span class='ocrx_word' id='word_1_95' title='bbox 551 991 651 1028; x_wconf 86' lang='lat' dir='ltr'><strong>brevi</strong></span> <span class='ocrx_word' id='word_1_96' title='bbox 697 992 729 1028; x_wconf 90' lang='lat' dir='ltr'><strong>V</strong></span> <span class='ocrx_word' id='word_1_97' title='bbox 764 992 809 1027; x_wconf 89' lang='lat'>12</span> <span class='ocrx_word' id='word_1_98' title='bbox 843 996 1028 1029; x_wconf 80' lang='lat' dir='ltr'><strong>certamen</strong></span> <span class='ocrx_word' id='word_1_99' title='bbox 1058 991 1160 1027; x_wconf 85' lang='lat' dir='ltr'><strong>brevi</strong></span> 
     </span>
     <span class='ocr_line' id='line_1_28' title="bbox 155 1040 1042 1079; baseline -0.003 -1"><span class='ocrx_word' id='word_1_100' title='bbox 155 1040 316 1078; x_wconf 70' lang='lat' dir='ltr'><strong>adolevit</strong></span> <span class='ocrx_word' id='word_1_101' title='bbox 665 1040 825 1077; x_wconf 83' lang='lat' dir='ltr'><strong>adolevit</strong></span> <span class='ocrx_word' id='word_1_102' title='bbox 849 1040 914 1077; x_wconf 85' lang='lat' dir='ltr'><strong>cfr.</strong></span> <span class='ocrx_word' id='word_1_103' title='bbox 936 1041 969 1079; x_wconf 89' lang='lat' dir='ltr'><strong>V</strong></span> <span class='ocrx_word' id='word_1_104' title='bbox 999 1040 1042 1075; x_wconf 92' lang='lat'>15</span> 
     </span>
    </p>

    <p class='ocr_par' dir='ltr' id='par_1_11' title="bbox 153 1087 652 1228">
     <span class='ocr_line' id='line_1_29' title="bbox 185 1087 652 1133; baseline -0.004 -9"><span class='ocrx_word' id='word_1_105' title='bbox 185 1089 243 1133; x_wconf 88' lang='lat'>12)</span> <span class='ocrx_word' id='word_1_106' title='bbox 268 1087 450 1123; x_wconf 82' lang='lat' dir='ltr'><strong>finitumos</strong></span> <span class='ocrx_word' id='word_1_107' title='bbox 464 1087 572 1122; x_wconf 79' lang='lat' dir='ltr'><strong>armis</strong></span> <span class='ocrx_word' id='word_1_108' title='bbox 590 1089 652 1122; x_wconf 79' lang='lat' dir='ltr'><strong>aut</strong></span> 
     </span>
     <span class='ocr_line' id='line_1_30' title="bbox 155 1135 649 1180; baseline -0.004 -8"><span class='ocrx_word' id='word_1_109' title='bbox 155 1138 258 1172; x_wconf 87' lang='lat' dir='ltr'><strong>metu</strong></span> <span class='ocrx_word' id='word_1_110' title='bbox 271 1135 338 1171; x_wconf 80' lang='lat' dir='ltr'><strong>sub</strong></span> <span class='ocrx_word' id='word_1_111' title='bbox 356 1135 535 1180; x_wconf 87' lang='lat' dir='ltr'><strong>inperium</strong></span> <span class='ocrx_word' id='word_1_112' title='bbox 548 1145 649 1170; x_wconf 89' lang='lat' dir='ltr'><strong>suum</strong></span> 
     </span>
     <span class='ocr_line' id='line_1_31' title="bbox 153 1193 308 1228; baseline -0.013 -9"><span class='ocrx_word' id='word_1_113' title='bbox 153 1193 308 1228; x_wconf 81' lang='lat' dir='ltr'><strong>coegere</strong></span> 
     </span>
    </p>

    <p class='ocr_par' dir='ltr' id='par_1_12' title="bbox 151 1230 649 1512">
     <span class='ocr_line' id='line_1_32' title="bbox 177 1230 649 1275; baseline -0.008 -10"><span class='ocrx_word' id='word_1_114' title='bbox 177 1230 216 1265; x_wconf 91' lang='lat' dir='ltr'><strong>in</strong></span> <span class='ocrx_word' id='word_1_115' title='bbox 258 1231 405 1275; x_wconf 85' lang='lat' dir='ltr'><strong>gentem</strong></span> <span class='ocrx_word' id='word_1_116' title='bbox 448 1237 649 1271; x_wconf 89' lang='lat' dir='ltr'><strong>nomenque</strong></span> 
     </span>
     <span class='ocr_line' id='line_1_33' title="bbox 151 1276 626 1323; baseline -0.008 -9"><span class='ocrx_word' id='word_1_117' title='bbox 151 1276 397 1323; x_wconf 78' lang='lat' dir='ltr'><strong>inperantium</strong></span> <span class='ocrx_word' id='word_1_118' title='bbox 420 1285 626 1312; x_wconf 80' lang='lat' dir='ltr'><strong>concessere</strong></span> 
     </span>
     <span class='ocr_line' id='line_1_34' title="bbox 177 1369 648 1417; baseline -0.008 -9"><span class='ocrx_word' id='word_1_119' title='bbox 177 1371 216 1417; x_wconf 88' lang='lat'><strong>2)</strong></span> <span class='ocrx_word' id='word_1_120' title='bbox 238 1383 323 1408; x_wconf 82' lang='lat' dir='ltr'><strong>nam</strong></span> <span class='ocrx_word' id='word_1_121' title='bbox 356 1370 403 1406; x_wconf 86' lang='lat' dir='ltr'><strong>de</strong></span> <span class='ocrx_word' id='word_1_122' title='bbox 432 1369 648 1415; x_wconf 72' lang='lat' dir='ltr'><strong>Carthagine</strong></span> 
     </span>
     <span class='ocr_line' id='line_1_35' title="bbox 153 1418 647 1463; baseline -0.006 -8"><span class='ocrx_word' id='word_1_123' title='bbox 153 1420 259 1455; x_wconf 87' lang='lat' dir='ltr'><strong>silere</strong></span> <span class='ocrx_word' id='word_1_124' title='bbox 282 1418 413 1454; x_wconf 84' lang='lat' dir='ltr'><strong>melius</strong></span> <span class='ocrx_word' id='word_1_125' title='bbox 437 1419 525 1463; x_wconf 89' lang='lat' dir='ltr'><strong>puto</strong></span> <span class='ocrx_word' id='word_1_126' title='bbox 541 1428 647 1462; x_wconf 78' lang='lat' dir='ltr'><strong>quam</strong></span> 
     </span>
     <span class='ocr_line' id='line_1_36' title="bbox 153 1465 646 1512; baseline -0.008 -9"><span class='ocrx_word' id='word_1_127' title='bbox 153 1477 282 1512; x_wconf 79' lang='lat' dir='ltr'><strong>purum</strong></span> <span class='ocrx_word' id='word_1_128' title='bbox 315 1465 446 1505; x_wconf 84' lang='lat' dir='ltr'><strong>dicere,</strong></span> <span class='ocrx_word' id='word_1_129' title='bbox 479 1465 646 1509; x_wconf 79' lang='lat' dir='ltr'><strong>quoniam</strong></span> 
     </span>
    </p>
   </div>
   <div class='ocr_carea' id='block_1_10' title="bbox 1645 955 1667 968">
    <p class='ocr_par' dir='ltr' id='par_1_13' title="bbox 1645 955 1667 968">
     <span class='ocr_line' id='line_1_37' title="bbox 1645 955 1667 968; baseline 0 0"><span class='ocrx_word' id='word_1_130' title='bbox 1645 955 1667 968; x_wconf 53' lang='grc' dir='ltr'><strong>Χ</strong></span> 
     </span>
    </p>
   </div>
   <div class='ocr_carea' id='block_1_11' title="bbox 1171 1089 1667 1326">
    <p class='ocr_par' dir='ltr' id='par_1_14' title="bbox 1172 1089 1667 1228">
     <span class='ocr_line' id='line_1_38' title="bbox 1197 1089 1665 1134; baseline -0.013 -6"><span class='ocrx_word' id='word_1_131' title='bbox 1197 1092 1224 1128; x_wconf 85' lang='lat' dir='ltr'>C</span> <span class='ocrx_word' id='word_1_132' title='bbox 1247 1092 1284 1128; x_wconf 93' lang='lat' dir='ltr'><strong>II</strong></span> <span class='ocrx_word' id='word_1_133' title='bbox 1311 1092 1372 1134; x_wconf 88' lang='lat'><strong>15,</strong></span> <span class='ocrx_word' id='word_1_134' title='bbox 1406 1094 1428 1127; x_wconf 91' lang='lat'>2</span> <span class='ocrx_word' id='word_1_135' title='bbox 1462 1090 1570 1126; x_wconf 80' lang='lat' dir='ltr'><strong>urbes</strong></span> <span class='ocrx_word' id='word_1_136' title='bbox 1603 1089 1665 1123; x_wconf 79' lang='lat' dir='ltr'><strong>aut</strong></span> 
     </span>
     <span class='ocr_line' id='line_1_39' title="bbox 1173 1134 1667 1185; baseline -0.014 -10"><span class='ocrx_word' id='word_1_137' title='bbox 1173 1140 1208 1176; x_wconf 88' lang='lat' dir='ltr'><strong>vi</strong></span> <span class='ocrx_word' id='word_1_138' title='bbox 1245 1140 1345 1185; x_wconf 79' lang='lat' dir='ltr'><strong>capit</strong></span> <span class='ocrx_word' id='word_1_139' title='bbox 1386 1140 1448 1174; x_wconf 80' lang='lat' dir='ltr'><strong>aut</strong></span> <span class='ocrx_word' id='word_1_140' title='bbox 1486 1139 1585 1171; x_wconf 90' lang='lat' dir='ltr'><strong>metu</strong></span> <span class='ocrx_word' id='word_1_141' title='bbox 1628 1134 1667 1169; x_wconf 88' lang='lat' dir='ltr'><strong>in</strong></span> 
     </span>
     <span class='ocr_line' id='line_1_40' title="bbox 1172 1183 1603 1228; baseline -0.014 -6"><span class='ocrx_word' id='word_1_142' title='bbox 1172 1187 1393 1222; x_wconf 88' lang='lat' dir='ltr'><strong>deditionem</strong></span> <span class='ocrx_word' id='word_1_143' title='bbox 1419 1183 1603 1228; x_wconf 82' lang='lat' dir='ltr'><strong>compellit</strong></span> 
     </span>
    </p>

    <p class='ocr_par' dir='ltr' id='par_1_15' title="bbox 1171 1231 1666 1326">
     <span class='ocr_line' id='line_1_41' title="bbox 1196 1231 1666 1276; baseline -0.017 -7"><span class='ocrx_word' id='word_1_144' title='bbox 1196 1234 1223 1269; x_wconf 89' lang='lat' dir='ltr'>C</span> <span class='ocrx_word' id='word_1_145' title='bbox 1248 1233 1329 1276; x_wconf 78' lang='lat'>118.</span> <span class='ocrx_word' id='word_1_146' title='bbox 1356 1233 1429 1267; x_wconf 85' lang='lat' dir='ltr'><strong>2in</strong></span> <span class='ocrx_word' id='word_1_147' title='bbox 1445 1231 1666 1276; x_wconf 83' lang='lat' dir='ltr'><strong>potestatem</strong></span> 
     </span>
     <span class='ocr_line' id='line_1_42' title="bbox 1171 1278 1666 1326; baseline -0.013 -10"><span class='ocrx_word' id='word_1_148' title='bbox 1171 1282 1414 1326; x_wconf 86' lang='lat' dir='ltr'><strong>ditionemque</strong></span> <span class='ocrx_word' id='word_1_149' title='bbox 1461 1278 1537 1324; x_wconf 81' lang='lat' dir='ltr'><strong>ejus</strong></span> <span class='ocrx_word' id='word_1_150' title='bbox 1581 1286 1666 1312; x_wconf 89' lang='lat' dir='ltr'><strong>con·</strong></span> 
     </span>
    </p>
   </div>
   <div class='ocr_carea' id='block_1_12' title="bbox 1170 1340 1664 1420">
    <p class='ocr_par' dir='ltr' id='par_1_16' title="bbox 1170 1340 1664 1412">
     <span class='ocr_line' id='line_1_43' title="bbox 1170 1340 1308 1365; baseline -0.022 0"><span class='ocrx_word' id='word_1_151' title='bbox 1170 1340 1308 1365; x_wconf 71' lang='lat' dir='ltr'><strong>cessere</strong></span> 
     </span>
     <span class='ocr_line' id='line_1_44' title="bbox 1194 1368 1664 1420; baseline -0.015 -9"><span class='ocrx_word' id='word_1_152' title='bbox 1194 1376 1220 1412; x_wconf 90' lang='lat' dir='ltr'>C</span> <span class='ocrx_word' id='word_1_153' title='bbox 1243 1376 1278 1410; x_wconf 90' lang='lat'>11</span> <span class='ocrx_word' id='word_1_154' title='bbox 1304 1376 1362 1420; x_wconf 85' lang='lat'><strong>27,</strong></span> <span class='ocrx_word' id='word_1_155' title='bbox 1387 1375 1408 1409; x_wconf 87' lang='lat'>3</span> <span class='ocrx_word' id='word_1_156' title='bbox 1434 1382 1559 1409; x_wconf 88' lang='lat' dir='ltr'><strong>verum</strong></span> <span class='ocrx_word' id='word_1_157' title='bbox 1575 1368 1664 1405; x_wconf 82' lang='lat' dir='ltr'><strong>haec</strong></span> 
     </span>
    </p>
   </div>
   <div class='ocr_carea' id='block_1_13' title="bbox 1168 1423 1663 1514">
    <p class='ocr_par' dir='ltr' id='par_1_17' title="bbox 1168 1423 1663 1514">
     <span class='ocr_line' id='line_1_45' title="bbox 1170 1423 1663 1468; baseline -0.015 -10"><span class='ocrx_word' id='word_1_158' title='bbox 1170 1450 1178 1459; x_wconf 89' lang='lat'><em>.</em></span> <span class='ocrx_word' id='word_1_159' title='bbox 1194 1448 1226 1458; x_wconf 85' lang='lat'><strong>..</strong></span> <span class='ocrx_word' id='word_1_160' title='bbox 1251 1423 1431 1468; x_wconf 81' lang='lat' dir='ltr'><strong>attingere</strong></span> <span class='ocrx_word' id='word_1_161' title='bbox 1454 1431 1527 1455; x_wconf 90' lang='lat' dir='ltr'><strong>non</strong></span> <span class='ocrx_word' id='word_1_162' title='bbox 1547 1427 1663 1457; x_wconf 78' lang='lat' dir='ltr'><strong>ausus,</strong></span> 
     </span>
     <span class='ocr_line' id='line_1_46' title="bbox 1168 1463 1663 1514; baseline -0.014 -9"><span class='ocrx_word' id='word_1_163' title='bbox 1168 1482 1213 1505; x_wconf 90' lang='lat' dir='ltr'><strong>ne</strong></span> <span class='ocrx_word' id='word_1_164' title='bbox 1245 1470 1332 1514; x_wconf 86' lang='lat' dir='ltr'><strong>quid</strong></span> <span class='ocrx_word' id='word_1_165' title='bbox 1364 1469 1480 1504; x_wconf 79' lang='lat' dir='ltr'><strong>forma</strong></span> <span class='ocrx_word' id='word_1_166' title='bbox 1511 1463 1663 1511; x_wconf 82' lang='lat' dir='ltr'><strong>praecisi</strong></span> 
     </span>
    </p>
   </div>
   <div class='ocr_carea' id='block_1_14' title="bbox 150 1511 1663 1656">
    <p class='ocr_par' dir='ltr' id='par_1_18' title="bbox 150 1511 1663 1656">
     <span class='ocr_line' id='line_1_47' title="bbox 150 1511 1663 1563; baseline -0.006 -9"><span class='ocrx_word' id='word_1_167' title='bbox 150 1514 221 1549; x_wconf 74' lang='lat' dir='ltr'><strong>alio</strong></span> <span class='ocrx_word' id='word_1_168' title='bbox 268 1522 464 1559; x_wconf 73' lang='lat' dir='ltr'><strong>properare</strong></span> <span class='ocrx_word' id='word_1_169' title='bbox 504 1515 646 1557; x_wconf 80' lang='lat' dir='ltr'><strong>tempus</strong></span> <span class='ocrx_word' id='word_1_170' title='bbox 1168 1519 1412 1563; x_wconf 77' lang='lat' dir='ltr'><strong>operisrerum</strong></span> <span class='ocrx_word' id='word_1_171' title='bbox 1426 1511 1663 1558; x_wconf 71' lang='lat' dir='ltr'><strong>dignitatibus</strong></span> 
     </span>
     <span class='ocr_line' id='line_1_48' title="bbox 150 1562 1661 1608; baseline -0.005 -7"><span class='ocrx_word' id='word_1_172' title='bbox 150 1563 276 1597; x_wconf 71' lang='lat' dir='ltr'><strong>monet</strong></span> <span class='ocrx_word' id='word_1_173' title='bbox 1167 1565 1400 1608; x_wconf 86' lang='lat' dir='ltr'><strong>deminueret,</strong></span> <span class='ocrx_word' id='word_1_174' title='bbox 1423 1562 1560 1606; x_wconf 76' lang='lat' dir='ltr'><strong>reliqua</strong></span> <span class='ocrx_word' id='word_1_175' title='bbox 1584 1568 1661 1594; x_wconf 83' lang='lat' dir='ltr'><strong>exe-</strong></span> 
     </span>
     <span class='ocr_line' id='line_1_49' title="bbox 1166 1623 1255 1656; baseline 0.011 -11"><span class='ocrx_word' id='word_1_176' title='bbox 1166 1623 1255 1656; x_wconf 71' lang='lat' dir='ltr'><strong>quar</strong></span> 
     </span>
    </p>
   </div>
   <div class='ocr_carea' id='block_1_15' title="bbox 1190 1650 1661 1702">
    <p class='ocr_par' dir='ltr' id='par_1_19' title="bbox 1190 1650 1661 1702">
     <span class='ocr_line' id='line_1_50' title="bbox 1190 1650 1661 1702; baseline -0.019 -8"><span class='ocrx_word' id='word_1_177' title='bbox 1190 1658 1216 1694; x_wconf 87' lang='lat' dir='ltr'>C</span> <span class='ocrx_word' id='word_1_178' title='bbox 1242 1658 1270 1693; x_wconf 90' lang='grc' dir='ltr'><strong>Ι.</strong></span> <span class='ocrx_word' id='word_1_179' title='bbox 1296 1658 1355 1702; x_wconf 87' lang='lat'><strong>43,</strong></span> <span class='ocrx_word' id='word_1_180' title='bbox 1389 1657 1411 1690; x_wconf 89' lang='lat'>2</span> <span class='ocrx_word' id='word_1_181' title='bbox 1434 1654 1516 1689; x_wconf 86' lang='grc' dir='ltr'><strong>10οα</strong></span> <span class='ocrx_word' id='word_1_182' title='bbox 1539 1650 1661 1688; x_wconf 78' lang='lat' dir='ltr'><strong>omnia</strong></span> 
     </span>
    </p>
   </div>
   <div class='ocr_carea' id='block_1_16' title="bbox 173 1651 1612 1741">
    <p class='ocr_par' dir='ltr' id='par_1_20' title="bbox 173 1651 1612 1741">
     <span class='ocr_line' id='line_1_51' title="bbox 173 1651 645 1698; baseline -0.008 -9"><span class='ocrx_word' id='word_1_183' title='bbox 173 1653 210 1698; x_wconf 88' lang='grc'><strong>6)</strong></span> <span class='ocrx_word' id='word_1_184' title='bbox 235 1653 316 1689; x_wconf 80' lang='lat' dir='ltr'><strong>loca</strong></span> <span class='ocrx_word' id='word_1_185' title='bbox 340 1654 465 1689; x_wconf 75' lang='lat' dir='ltr'><strong>exusta</strong></span> <span class='ocrx_word' id='word_1_186' title='bbox 488 1651 574 1688; x_wconf 85' lang='lat' dir='ltr'><strong>solis</strong></span> <span class='ocrx_word' id='word_1_187' title='bbox 592 1661 645 1686; x_wconf 78' lang='lat' dir='ltr'><strong>ar-</strong></span> 
     </span>
     <span class='ocr_line' id='line_1_52' title="bbox 1165 1699 1612 1741; baseline -0.018 1"><span class='ocrx_word' id='word_1_188' title='bbox 1165 1706 1292 1741; x_wconf 76' lang='lat' dir='ltr'><strong>adusta</strong></span> <span class='ocrx_word' id='word_1_189' title='bbox 1315 1703 1400 1740; x_wconf 88' lang='lat' dir='ltr'><strong>solis</strong></span> <span class='ocrx_word' id='word_1_190' title='bbox 1422 1699 1612 1738; x_wconf 78' lang='lat' dir='ltr'><strong>ardoribus</strong></span> 
     </span>
    </p>
   </div>
   <div class='ocr_carea' id='block_1_17' title="bbox 141 1700 1659 2442">
    <p class='ocr_par' dir='ltr' id='par_1_21' title="bbox 150 1700 1659 1888">
     <span class='ocr_line' id='line_1_53' title="bbox 150 1700 298 1737; baseline -0.014 0"><span class='ocrx_word' id='word_1_191' title='bbox 150 1700 298 1737; x_wconf 81' lang='lat' dir='ltr'><strong>duribus</strong></span> 
     </span>
     <span class='ocr_line' id='line_1_54' title="bbox 374 1747 433 1781; baseline 0 0"><span class='ocrx_word' id='word_1_192' title='bbox 374 1747 433 1781; x_wconf 89' lang='grc'><strong>20.</strong></span> 
     </span>
     <span class='ocr_line' id='line_1_55' title="bbox 173 1791 1659 1840; baseline -0.003 -10"><span class='ocrx_word' id='word_1_193' title='bbox 173 1794 210 1840; x_wconf 88' lang='grc'><strong>2)</strong></span> <span class='ocrx_word' id='word_1_194' title='bbox 235 1795 435 1840; x_wconf 80' lang='lat' dir='ltr'><strong>oportunus</strong></span> <span class='ocrx_word' id='word_1_195' title='bbox 461 1791 611 1838; x_wconf 82' lang='lat' dir='ltr'><strong>injuriae</strong></span> <span class='ocrx_word' id='word_1_196' title='bbox 1189 1798 1216 1833; x_wconf 79' lang='grc' dir='ltr'>ο</span> <span class='ocrx_word' id='word_1_197' title='bbox 1248 1798 1265 1832; x_wconf 95' lang='lat'>1</span> <span class='ocrx_word' id='word_1_198' title='bbox 1302 1799 1362 1837; x_wconf 90' lang='lat'>10,</span> <span class='ocrx_word' id='word_1_199' title='bbox 1400 1797 1422 1831; x_wconf 83' lang='grc'><strong>6</strong></span> <span class='ocrx_word' id='word_1_200' title='bbox 1461 1795 1659 1839; x_wconf 69' lang='lat' dir='ltr'><strong>oportunus</strong></span> 
     </span>
     <span class='ocr_line' id='line_1_56' title="bbox 1166 1842 1405 1888; baseline -0.013 -8"><span class='ocrx_word' id='word_1_201' title='bbox 1166 1845 1314 1888; x_wconf 76' lang='lat' dir='ltr'><strong>injuriae</strong></span> <span class='ocrx_word' id='word_1_202' title='bbox 1337 1842 1405 1878; x_wconf 83' lang='lat' dir='ltr'><strong>suit</strong></span> 
     </span>
    </p>

    <p class='ocr_par' dir='ltr' id='par_1_22' title="bbox 143 1884 1659 2115">
     <span class='ocr_line' id='line_1_57' title="bbox 174 1884 1659 1934; baseline -0.002 -10"><span class='ocrx_word' id='word_1_203' title='bbox 174 1889 209 1933; x_wconf 84' lang='lat'><strong>3)</strong></span> <span class='ocrx_word' id='word_1_204' title='bbox 234 1888 405 1933; x_wconf 80' lang='lat' dir='ltr'><strong>pleraque</strong></span> <span class='ocrx_word' id='word_1_205' title='bbox 428 1888 511 1931; x_wconf 72' lang='lat' dir='ltr'><strong>loce,</strong></span> <span class='ocrx_word' id='word_1_206' title='bbox 533 1885 644 1921; x_wconf 87' lang='lat' dir='ltr'><strong>hosti·</strong></span> <span class='ocrx_word' id='word_1_207' title='bbox 681 1884 717 1919; x_wconf 94' lang='lat' dir='ltr'><strong>II</strong></span> <span class='ocrx_word' id='word_1_208' title='bbox 741 1887 788 1920; x_wconf 90' lang='grc'>27</span> <span class='ocrx_word' id='word_1_209' title='bbox 812 1886 951 1921; x_wconf 83' lang='lat' dir='ltr'><strong>cunctis</strong></span> <span class='ocrx_word' id='word_1_210' title='bbox 976 1898 1047 1931; x_wconf 79' lang='lat' dir='ltr'><strong>qua</strong></span> <span class='ocrx_word' id='word_1_211' title='bbox 1070 1898 1149 1932; x_wconf 89' lang='lat' dir='ltr'><strong>per·</strong></span> <span class='ocrx_word' id='word_1_212' title='bbox 1190 1893 1215 1927; x_wconf 85' lang='lat' dir='ltr'><strong>c</strong></span> <span class='ocrx_word' id='word_1_213' title='bbox 1233 1893 1322 1934; x_wconf 81' lang='lat'>146,</span> <span class='ocrx_word' id='word_1_214' title='bbox 1346 1893 1369 1925; x_wconf 87' lang='grc'>4</span> <span class='ocrx_word' id='word_1_215' title='bbox 1386 1888 1540 1923; x_wconf 85' lang='lat' dir='ltr'><strong>multam</strong></span> <span class='ocrx_word' id='word_1_216' title='bbox 1557 1897 1659 1932; x_wconf 77' lang='lat' dir='ltr'><strong>prae·</strong></span> 
     </span>
     <span class='ocr_line' id='line_1_58' title="bbox 145 1931 1658 1980; baseline -0.003 -10"><span class='ocrx_word' id='word_1_217' title='bbox 145 1934 232 1970; x_wconf 84' lang='lat' dir='ltr'><strong>liter</strong></span> <span class='ocrx_word' id='word_1_218' title='bbox 260 1960 268 1969; x_wconf 93' lang='lat'><strong>.</strong></span> <span class='ocrx_word' id='word_1_219' title='bbox 292 1958 302 1967; x_wconf 83' lang='lat'><strong>.</strong></span> <span class='ocrx_word' id='word_1_220' title='bbox 327 1934 484 1974; x_wconf 79' lang='lat' dir='ltr'><strong>adcedit,</strong></span> <span class='ocrx_word' id='word_1_221' title='bbox 513 1932 644 1968; x_wconf 82' lang='lat' dir='ltr'><strong>deinde</strong></span> <span class='ocrx_word' id='word_1_222' title='bbox 657 1932 767 1976; x_wconf 79' lang='lat' dir='ltr'><strong>gebat</strong></span> <span class='ocrx_word' id='word_1_223' title='bbox 799 1931 837 1966; x_wconf 89' lang='lat' dir='ltr'><strong>in</strong></span> <span class='ocrx_word' id='word_1_224' title='bbox 872 1932 994 1978; x_wconf 83' lang='lat' dir='ltr'><strong>fugam</strong></span> <span class='ocrx_word' id='word_1_225' title='bbox 1027 1934 1150 1974; x_wconf 84' lang='lat' dir='ltr'><strong>versis,</strong></span> <span class='ocrx_word' id='word_1_226' title='bbox 1165 1939 1249 1974; x_wconf 69' lang='lat' dir='ltr'><strong>dam</strong></span> <span class='ocrx_word' id='word_1_227' title='bbox 1289 1938 1328 1971; x_wconf 80' lang='lat' dir='ltr'><strong>in</strong></span> <span class='ocrx_word' id='word_1_228' title='bbox 1362 1945 1515 1980; x_wconf 83' lang='lat' dir='ltr'><strong>regnum</strong></span> <span class='ocrx_word' id='word_1_229' title='bbox 1556 1943 1658 1967; x_wconf 89' lang='lat' dir='ltr'><strong>suum</strong></span> 
     </span>
     <span class='ocr_line' id='line_1_59' title="bbox 145 1960 1341 2025; baseline -0.002 -6"><span class='ocrx_word' id='word_1_230' title='bbox 145 1993 229 2019; x_wconf 91' lang='lat' dir='ltr'><strong>cum</strong></span> <span class='ocrx_word' id='word_1_231' title='bbox 271 1981 370 2018; x_wconf 87' lang='lat' dir='ltr'><strong>omni</strong></span> <span class='ocrx_word' id='word_1_232' title='bbox 413 1960 642 2017; x_wconf 75' lang='lat' dir='ltr'><strong>multitudine</strong></span> <span class='ocrx_word' id='word_1_233' title='bbox 657 1979 718 2015; x_wconf 90' lang='lat' dir='ltr'><strong>ubi</strong></span> <span class='ocrx_word' id='word_1_234' title='bbox 758 1981 900 2025; x_wconf 88' lang='lat' dir='ltr'><strong>tempus</strong></span> <span class='ocrx_word' id='word_1_235' title='bbox 932 1980 1047 2017; x_wconf 86' lang='lat' dir='ltr'><strong>visum</strong></span> <span class='ocrx_word' id='word_1_236' title='bbox 1083 1984 1149 2025; x_wconf 84' lang='lat' dir='ltr'><strong>est,</strong></span> <span class='ocrx_word' id='word_1_237' title='bbox 1165 1985 1341 2023; x_wconf 78' lang='lat' dir='ltr'><strong>convertit</strong></span> 
     </span>
     <span class='ocr_line' id='line_1_60' title="bbox 144 2029 1149 2075; baseline 0 -10"><span class='ocrx_word' id='word_1_238' title='bbox 144 2031 184 2066; x_wconf 91' lang='lat' dir='ltr'><strong>in</strong></span> <span class='ocrx_word' id='word_1_239' title='bbox 222 2041 376 2075; x_wconf 83' lang='lat' dir='ltr'><strong>regnum</strong></span> <span class='ocrx_word' id='word_1_240' title='bbox 418 2040 522 2064; x_wconf 90' lang='lat' dir='ltr'><strong>suum</strong></span> <span class='ocrx_word' id='word_1_241' title='bbox 558 2039 641 2064; x_wconf 91' lang='lat' dir='ltr'><strong>con·</strong></span> <span class='ocrx_word' id='word_1_242' title='bbox 656 2038 737 2063; x_wconf 88' lang='lat' dir='ltr'><strong>cum</strong></span> <span class='ocrx_word' id='word_1_243' title='bbox 772 2038 905 2073; x_wconf 76' lang='lat' dir='ltr'><strong>magna</strong></span> <span class='ocrx_word' id='word_1_244' title='bbox 937 2029 1072 2073; x_wconf 80' lang='lat' dir='ltr'><strong>praeda</strong></span> <span class='ocrx_word' id='word_1_245' title='bbox 1103 2030 1149 2065; x_wconf 80' lang='lat' dir='ltr'><strong>ad</strong></span> 
     </span>
     <span class='ocr_line' id='line_1_61' title="bbox 143 2074 939 2115; baseline -0.006 -1"><span class='ocrx_word' id='word_1_246' title='bbox 143 2076 259 2115; x_wconf 83' lang='lat' dir='ltr'><strong>vortit</strong></span> <span class='ocrx_word' id='word_1_247' title='bbox 655 2085 736 2110; x_wconf 82' lang='lat' dir='ltr'><strong>suos</strong></span> <span class='ocrx_word' id='word_1_248' title='bbox 758 2074 939 2110; x_wconf 87' lang='lat' dir='ltr'><strong>convertit</strong></span> 
     </span>
    </p>

    <p class='ocr_par' dir='ltr' id='par_1_23' title="bbox 142 2122 1148 2254">
     <span class='ocr_line' id='line_1_62' title="bbox 176 2122 1148 2170; baseline -0.001 -10"><span class='ocrx_word' id='word_1_249' title='bbox 176 2125 216 2170; x_wconf 95' lang='lat'><strong>4)</strong></span> <span class='ocrx_word' id='word_1_250' title='bbox 252 2123 472 2159; x_wconf 81' lang='lat' dir='ltr'><strong>existumans</strong></span> <span class='ocrx_word' id='word_1_251' title='bbox 506 2122 639 2158; x_wconf 83' lang='lat' dir='ltr'><strong>Adher·</strong></span> <span class='ocrx_word' id='word_1_252' title='bbox 689 2122 725 2157; x_wconf 90' lang='lat' dir='ltr'>H</span> <span class='ocrx_word' id='word_1_253' title='bbox 771 2123 789 2156; x_wconf 94' lang='lat'>1</span> <span class='ocrx_word' id='word_1_254' title='bbox 835 2122 1003 2168; x_wconf 78' lang='lat' dir='ltr'><strong>injuriam</strong></span> <span class='ocrx_word' id='word_1_255' title='bbox 1040 2134 1148 2159; x_wconf 72' lang='lat' dir='ltr'><strong>manu</strong></span> 
     </span>
     <span class='ocr_line' id='line_1_63' title="bbox 144 2168 1006 2215; baseline -0.003 -8"><span class='ocrx_word' id='word_1_256' title='bbox 144 2171 267 2207; x_wconf 67' lang='lat' dir='ltr'><strong>belem</strong></span> <span class='ocrx_word' id='word_1_257' title='bbox 295 2197 303 2205; x_wconf 92' lang='lat'><strong>.</strong></span> <span class='ocrx_word' id='word_1_258' title='bbox 329 2196 337 2204; x_wconf 93' lang='lat'><strong>.</strong></span> <span class='ocrx_word' id='word_1_259' title='bbox 365 2195 374 2204; x_wconf 88' lang='lat'><strong>.</strong></span> <span class='ocrx_word' id='word_1_260' title='bbox 397 2170 545 2215; x_wconf 81' lang='lat' dir='ltr'><strong>injurias</strong></span> <span class='ocrx_word' id='word_1_261' title='bbox 560 2180 638 2204; x_wconf 82' lang='lat' dir='ltr'><strong>suas</strong></span> <span class='ocrx_word' id='word_1_262' title='bbox 654 2168 908 2205; x_wconf 81' lang='lat' dir='ltr'><strong>vindicandum</strong></span> <span class='ocrx_word' id='word_1_263' title='bbox 935 2170 1006 2204; x_wconf 81' lang='lat' dir='ltr'><strong>rati</strong></span> 
     </span>
     <span class='ocr_line' id='line_1_64' title="bbox 142 2216 538 2254; baseline -0.008 0"><span class='ocrx_word' id='word_1_264' title='bbox 142 2229 251 2254; x_wconf 78' lang='lat' dir='ltr'><strong>manu</strong></span> <span class='ocrx_word' id='word_1_265' title='bbox 273 2216 538 2254; x_wconf 76' lang='lat' dir='ltr'><strong>vindicaturum</strong></span> 
     </span>
    </p>

    <p class='ocr_par' dir='ltr' id='par_1_24' title="bbox 141 2265 638 2442">
     <span class='ocr_line' id='line_1_65' title="bbox 167 2265 638 2311; baseline -0.004 -10"><span class='ocrx_word' id='word_1_266' title='bbox 167 2268 204 2311; x_wconf 81' lang='lat'><strong>5)</strong></span> <span class='ocrx_word' id='word_1_267' title='bbox 239 2266 301 2310; x_wconf 89' lang='lat' dir='ltr'><strong>qui</strong></span> <span class='ocrx_word' id='word_1_268' title='bbox 338 2265 484 2300; x_wconf 77' lang='lat' dir='ltr'><strong>tametsi</strong></span> <span class='ocrx_word' id='word_1_269' title='bbox 514 2267 638 2300; x_wconf 87' lang='lat' dir='ltr'><strong>contu·</strong></span> 
     </span>
     <span class='ocr_line' id='line_1_66' title="bbox 141 2277 637 2355; baseline -0.006 -7"><span class='ocrx_word' id='word_1_270' title='bbox 141 2277 294 2348; x_wconf 77' lang='lat' dir='ltr'><strong>melioqsa</strong></span> <span class='ocrx_word' id='word_1_271' title='bbox 310 2311 409 2347; x_wconf 79' lang='lat' dir='ltr'><strong>dicta</strong></span> <span class='ocrx_word' id='word_1_272' title='bbox 427 2312 637 2355; x_wconf 85' lang='lat' dir='ltr'><strong>retulerunt,</strong></span> 
     </span>
     <span class='ocr_line' id='line_1_67' title="bbox 142 2338 637 2406; baseline -0.002 -12"><span class='ocrx_word' id='word_1_273' title='bbox 142 2359 244 2406; x_wconf 84' lang='lat' dir='ltr'><strong>prius</strong></span> <span class='ocrx_word' id='word_1_274' title='bbox 268 2361 391 2394; x_wconf 77' lang='lat' dir='ltr'><strong>tamen</strong></span> <span class='ocrx_word' id='word_1_275' title='bbox 416 2358 537 2394; x_wconf 81' lang='lat' dir='ltr'><strong>omnia</strong></span> <span class='ocrx_word' id='word_1_276' title='bbox 561 2338 637 2403; x_wconf 78' lang='lat' dir='ltr'><strong>pati</strong></span> 
     </span>
     <span class='ocr_line' id='line_1_68' title="bbox 143 2405 308 2442; baseline -0.012 0"><span class='ocrx_word' id='word_1_277' title='bbox 143 2405 308 2442; x_wconf 83' lang='lat' dir='ltr'><strong>decrevit</strong></span> 
     </span>
    </p>
   </div>
   <div class='ocr_carea' id='block_1_18' title="bbox 163 2453 467 2489">
    <p class='ocr_par' dir='ltr' id='par_1_25' title="bbox 163 2453 467 2489">
     <span class='ocr_line' id='line_1_69' title="bbox 163 2453 467 2489; baseline -0.01 0"><span class='ocrx_word' id='word_1_278' title='bbox 163 2453 302 2489; x_wconf 89' lang='lat' dir='ltr'><strong>bellum</strong></span> <span class='ocrx_word' id='word_1_279' title='bbox 326 2462 467 2487; x_wconf 89' lang='lat' dir='ltr'><strong>sumere</strong></span> 
     </span>
    </p>
   </div>
   <div class='ocr_carea' id='block_1_19' title="bbox 1156 2267 1654 2407">
    <p class='ocr_par' dir='ltr' id='par_1_26' title="bbox 1156 2267 1654 2407">
     <span class='ocr_line' id='line_1_70' title="bbox 1184 2267 1654 2312; baseline -0.007 -7"><span class='ocrx_word' id='word_1_280' title='bbox 1184 2270 1211 2305; x_wconf 88' lang='lat' dir='ltr'>C</span> <span class='ocrx_word' id='word_1_281' title='bbox 1236 2269 1253 2304; x_wconf 93' lang='lat'>1</span> <span class='ocrx_word' id='word_1_282' title='bbox 1278 2269 1337 2312; x_wconf 89' lang='lat'><strong>44,</strong></span> <span class='ocrx_word' id='word_1_283' title='bbox 1363 2269 1384 2303; x_wconf 89' lang='lat'><strong>3</strong></span> <span class='ocrx_word' id='word_1_284' title='bbox 1409 2267 1473 2303; x_wconf 78' lang='lat' dir='ltr'><strong>sed</strong></span> <span class='ocrx_word' id='word_1_285' title='bbox 1501 2270 1578 2303; x_wconf 82' lang='lat' dir='ltr'><strong>tam</strong></span> <span class='ocrx_word' id='word_1_286' title='bbox 1601 2267 1654 2303; x_wconf 88' lang='lat' dir='ltr'><strong>in·</strong></span> 
     </span>
     <span class='ocr_line' id='line_1_71' title="bbox 1156 2314 1653 2361; baseline -0.006 -10"><span class='ocrx_word' id='word_1_287' title='bbox 1156 2316 1263 2361; x_wconf 83' lang='lat' dir='ltr'><strong>justis</strong></span> <span class='ocrx_word' id='word_1_288' title='bbox 1293 2314 1560 2350; x_wconf 85' lang='lat' dir='ltr'><strong>conditionibus</strong></span> <span class='ocrx_word' id='word_1_289' title='bbox 1594 2325 1653 2349; x_wconf 85' lang='lat' dir='ltr'><strong>ex-</strong></span> 
     </span>
     <span class='ocr_line' id='line_1_72' title="bbox 1159 2360 1654 2407; baseline 0 -9"><span class='ocrx_word' id='word_1_290' title='bbox 1159 2367 1273 2398; x_wconf 82' lang='lat' dir='ltr'><strong>trema</strong></span> <span class='ocrx_word' id='word_1_291' title='bbox 1303 2361 1446 2407; x_wconf 80' lang='lat' dir='ltr'><strong>perpeti</strong></span> <span class='ocrx_word' id='word_1_292' title='bbox 1469 2361 1578 2397; x_wconf 76' lang='lat' dir='ltr'><strong>satius</strong></span> <span class='ocrx_word' id='word_1_293' title='bbox 1602 2360 1654 2398; x_wconf 84' lang='lat' dir='ltr'><strong>vi-</strong></span> 
     </span>
    </p>
   </div>
   <div class='ocr_carea' id='block_1_20' title="bbox 672 2422 1602 2497">
    <p class='ocr_par' dir='ltr' id='par_1_27' title="bbox 672 2422 1602 2497">
     <span class='ocr_line' id='line_1_73' title="bbox 672 2422 1602 2497; baseline 0.004 -12"><span class='ocrx_word' id='word_1_294' title='bbox 672 2451 725 2485; x_wconf 95' lang='lat' dir='ltr'><strong>III</strong></span> <span class='ocrx_word' id='word_1_295' title='bbox 761 2453 808 2487; x_wconf 93' lang='lat'><strong>20</strong></span> <span class='ocrx_word' id='word_1_296' title='bbox 843 2455 926 2488; x_wconf 82' lang='lat' dir='ltr'><strong>ante</strong></span> <span class='ocrx_word' id='word_1_297' title='bbox 962 2454 1143 2497; x_wconf 78' lang='lat' dir='ltr'><strong>sumptum</strong></span> <span class='ocrx_word' id='word_1_298' title='bbox 1158 2422 1267 2491; x_wconf 53' lang='grc'><strong>81(1311111</strong></span> <span class='ocrx_word' id='word_1_299' title='bbox 1296 2456 1351 2497; x_wconf 86' lang='grc'><strong>19,</strong></span> <span class='ocrx_word' id='word_1_300' title='bbox 1375 2456 1397 2489; x_wconf 87' lang='grc'><strong>7</strong></span> <span class='ocrx_word' id='word_1_301' title='bbox 1423 2465 1468 2489; x_wconf 88' lang='lat' dir='ltr'><strong>ne</strong></span> <span class='ocrx_word' id='word_1_302' title='bbox 1481 2453 1602 2489; x_wconf 85' lang='lat' dir='ltr'><strong>forte.</strong></span> 
     </span>
    </p>
   </div>
   <div class='ocr_carea' id='block_1_21' title="bbox 652 2498 1653 2691">
    <p class='ocr_par' dir='ltr' id='par_1_28' title="bbox 652 2498 1653 2691">
     <span class='ocr_line' id='line_1_74' title="bbox 652 2498 1503 2539; baseline -0.007 3"><span class='ocrx_word' id='word_1_303' title='bbox 652 2498 788 2534; x_wconf 71' lang='lat' dir='ltr'><strong>bellum</strong></span> <span class='ocrx_word' id='word_1_304' title='bbox 1159 2503 1295 2539; x_wconf 91' lang='lat' dir='ltr'><strong>bellum</strong></span> <span class='ocrx_word' id='word_1_305' title='bbox 1319 2504 1503 2536; x_wconf 83' lang='lat' dir='ltr'><strong>sumerent</strong></span> 
     </span>
     <span class='ocr_line' id='line_1_75' title="bbox 1175 2547 1653 2592; baseline -0.004 -6"><span class='ocrx_word' id='word_1_306' title='bbox 1175 2551 1200 2586; x_wconf 89' lang='lat' dir='ltr'>C</span> <span class='ocrx_word' id='word_1_307' title='bbox 1215 2550 1251 2586; x_wconf 94' lang='lat' dir='ltr'><strong>II</strong></span> <span class='ocrx_word' id='word_1_308' title='bbox 1263 2551 1321 2592; x_wconf 88' lang='lat'><strong>40,</strong></span> <span class='ocrx_word' id='word_1_309' title='bbox 1339 2552 1355 2584; x_wconf 93' lang='lat'>1</span> <span class='ocrx_word' id='word_1_310' title='bbox 1369 2547 1653 2585; x_wconf 77' lang='lat' dir='ltr'><strong>intereaArriani</strong></span> 
     </span>
     <span class='ocr_line' id='line_1_76' title="bbox 1158 2597 1652 2642; baseline -0.008 -8"><span class='ocrx_word' id='word_1_311' title='bbox 1158 2610 1230 2634; x_wconf 90' lang='lat' dir='ltr'><strong>non</strong></span> <span class='ocrx_word' id='word_1_312' title='bbox 1267 2597 1420 2642; x_wconf 88' lang='lat' dir='ltr'><strong>occulte,</strong></span> <span class='ocrx_word' id='word_1_313' title='bbox 1458 2599 1498 2631; x_wconf 92' lang='lat' dir='ltr'><strong>ut</strong></span> <span class='ocrx_word' id='word_1_314' title='bbox 1534 2598 1652 2638; x_wconf 76' lang='lat' dir='ltr'><strong>antea,</strong></span> 
     </span>
     <span class='ocr_line' id='line_1_77' title="bbox 1157 2642 1651 2691; baseline -0.004 -10"><span class='ocrx_word' id='word_1_315' title='bbox 1157 2646 1219 2681; x_wconf 87' lang='lat' dir='ltr'><strong>sed</strong></span> <span class='ocrx_word' id='word_1_316' title='bbox 1231 2645 1352 2691; x_wconf 80' lang='lat' dir='ltr'><strong>palam</strong></span> <span class='ocrx_word' id='word_1_317' title='bbox 1362 2656 1403 2680; x_wconf 87' lang='lat' dir='ltr'><strong>ac</strong></span> <span class='ocrx_word' id='word_1_318' title='bbox 1412 2643 1569 2689; x_wconf 87' lang='lat' dir='ltr'><strong>publice.</strong></span> <span class='ocrx_word' id='word_1_319' title='bbox 1585 2642 1651 2679; x_wconf 82' lang='lat' dir='ltr'><strong>cfr.</strong></span> 
     </span>
    </p>
   </div>
   <div class='ocr_carea' id='block_1_22' title="bbox 1157 2692 1355 2734">
    <p class='ocr_par' dir='ltr' id='par_1_29' title="bbox 1157 2692 1355 2734">
     <span class='ocr_line' id='line_1_78' title="bbox 1157 2692 1355 2734; baseline -0.01 -6"><span class='ocrx_word' id='word_1_320' title='bbox 1157 2692 1355 2734; x_wconf 83' lang='lat'>0135‚4</span> 
     </span>
    </p>
   </div>
   <div class='ocr_carea' id='block_1_23' title="bbox 138 2545 636 2641">
    <p class='ocr_par' dir='ltr' id='par_1_30' title="bbox 138 2545 636 2632">
     <span class='ocr_line' id='line_1_79' title="bbox 163 2545 636 2594; baseline -0.011 -10"><span class='ocrx_word' id='word_1_321' title='bbox 163 2548 202 2594; x_wconf 85' lang='lat'><strong>7)</strong></span> <span class='ocrx_word' id='word_1_322' title='bbox 226 2547 348 2592; x_wconf 80' lang='lat' dir='ltr'><strong>itaque</strong></span> <span class='ocrx_word' id='word_1_323' title='bbox 359 2557 444 2588; x_wconf 87' lang='lat' dir='ltr'><strong>non,</strong></span> <span class='ocrx_word' id='word_1_324' title='bbox 453 2545 507 2581; x_wconf 90' lang='lat' dir='ltr'><strong>uti</strong></span> <span class='ocrx_word' id='word_1_325' title='bbox 520 2546 636 2588; x_wconf 81' lang='lat' dir='ltr'><strong>antea,</strong></span> 
     </span>
     <span class='ocr_line' id='line_1_80' title="bbox 138 2593 636 2641; baseline -0.01 -9"><span class='ocrx_word' id='word_1_326' title='bbox 138 2606 224 2632; x_wconf 87' lang='lat' dir='ltr'><strong>cum</strong></span> <span class='ocrx_word' id='word_1_327' title='bbox 257 2593 488 2641; x_wconf 79' lang='lat' dir='ltr'><strong>praedatoria</strong></span> <span class='ocrx_word' id='word_1_328' title='bbox 517 2604 636 2634; x_wconf 82' lang='lat' dir='ltr'><strong>manu,</strong></span> 
     </span>
    </p>
   </div>
   <div class='ocr_carea' id='block_1_24' title="bbox 139 2643 464 2688">
    <p class='ocr_par' dir='ltr' id='par_1_31' title="bbox 139 2643 464 2688">
     <span class='ocr_line' id='line_1_81' title="bbox 139 2643 464 2688; baseline -0.009 -9"><span class='ocrx_word' id='word_1_329' title='bbox 139 2643 242 2679; x_wconf 79' lang='lat' dir='ltr'><strong>sed.</strong></span> <span class='ocrx_word' id='word_1_330' title='bbox 269 2668 278 2678; x_wconf 91' lang='lat'><strong>.</strong></span> <span class='ocrx_word' id='word_1_331' title='bbox 304 2668 313 2678; x_wconf 90' lang='lat'><strong>.</strong></span> <span class='ocrx_word' id='word_1_332' title='bbox 339 2644 464 2688; x_wconf 81' lang='lat' dir='ltr'><strong>aperte</strong></span> 
     </span>
    </p>
   </div>
   <div class='ocr_carea' id='block_1_25' title="bbox 136 2729 1144 2878">
    <p class='ocr_par' dir='ltr' id='par_1_32' title="bbox 136 2729 1144 2878">
     <span class='ocr_line' id='line_1_82' title="bbox 159 2729 1143 2780; baseline -0.006 -8"><span class='ocrx_word' id='word_1_333' title='bbox 159 2734 197 2780; x_wconf 88' lang='grc'><strong>8)</strong></span> <span class='ocrx_word' id='word_1_334' title='bbox 221 2729 382 2770; x_wconf 84' lang='lat' dir='ltr'><strong>ceteru‘m</strong></span> <span class='ocrx_word' id='word_1_335' title='bbox 409 2745 480 2779; x_wconf 72' lang='lat' dir='ltr'><strong>qua</strong></span> <span class='ocrx_word' id='word_1_336' title='bbox 510 2743 636 2779; x_wconf 86' lang='lat' dir='ltr'><strong>perge·</strong></span> <span class='ocrx_word' id='word_1_337' title='bbox 674 2730 710 2766; x_wconf 89' lang='lat' dir='ltr'><strong>H</strong></span> <span class='ocrx_word' id='word_1_338' title='bbox 727 2731 771 2766; x_wconf 87' lang='lat'><strong>16</strong></span> <span class='ocrx_word' id='word_1_339' title='bbox 795 2732 955 2767; x_wconf 87' lang='lat' dir='ltr'><strong>ceterum</strong></span> <span class='ocrx_word' id='word_1_340' title='bbox 978 2743 1049 2777; x_wconf 84' lang='lat' dir='ltr'><strong>qua</strong></span> <span class='ocrx_word' id='word_1_341' title='bbox 1064 2742 1143 2777; x_wconf 89' lang='lat' dir='ltr'><strong>per-</strong></span> 
     </span>
     <span class='ocr_line' id='line_1_83' title="bbox 140 2778 1144 2826; baseline -0.005 -8"><span class='ocrx_word' id='word_1_342' title='bbox 140 2781 219 2823; x_wconf 75' lang='lat' dir='ltr'><strong>bat,</strong></span> <span class='ocrx_word' id='word_1_343' title='bbox 243 2782 342 2817; x_wconf 86' lang='lat' dir='ltr'><strong>urbis</strong></span> <span class='ocrx_word' id='word_1_344' title='bbox 361 2792 469 2826; x_wconf 75' lang='lat' dir='ltr'><strong>agros</strong></span> <span class='ocrx_word' id='word_1_345' title='bbox 485 2783 635 2820; x_wconf 76' lang='lat' dir='ltr'><strong>vastare,</strong></span> <span class='ocrx_word' id='word_1_346' title='bbox 651 2779 761 2824; x_wconf 74' lang='lat' dir='ltr'><strong>gebat</strong></span> <span class='ocrx_word' id='word_1_347' title='bbox 796 2779 876 2824; x_wconf 78' lang='lat' dir='ltr'><strong>agri</strong></span> <span class='ocrx_word' id='word_1_348' title='bbox 906 2778 1027 2815; x_wconf 83' lang='lat' dir='ltr'><strong>referti</strong></span> <span class='ocrx_word' id='word_1_349' title='bbox 1064 2779 1144 2824; x_wconf 85' lang='lat' dir='ltr'><strong>jugi</strong></span> 
     </span>
     <span class='ocr_line' id='line_1_84' title="bbox 136 2825 1143 2878; baseline -0.005 -11"><span class='ocrx_word' id='word_1_350' title='bbox 136 2828 294 2878; x_wconf 74' lang='lat' dir='ltr'><strong>praedas</strong></span> <span class='ocrx_word' id='word_1_351' title='bbox 316 2838 425 2876; x_wconf 73' lang='lat' dir='ltr'><strong>egere</strong></span> <span class='ocrx_word' id='word_1_352' title='bbox 646 2837 740 2873; x_wconf 80' lang='lat' dir='ltr'><strong>pace</strong></span> <span class='ocrx_word' id='word_1_353' title='bbox 776 2825 991 2873; x_wconf 75' lang='lat' dir='ltr'><strong>depraedati</strong></span> <span class='ocrx_word' id='word_1_354' title='bbox 1030 2826 1143 2863; x_wconf 89' lang='lat' dir='ltr'><strong>omni·</strong></span> 
     </span>
    </p>
   </div>
  </div>
 </body>
</html>
