1864 3042
835 56 891 99 63
959 120 963 122 μ

0 142 29 234 ξ
101 189 203 224 ,vera
243 175 494 233 accipiundi.
554 170 618 214 IV
649 170 703 214 73
732 169 885 211 consili
914 183 1054 224 aeger.
1113 167 1224 212 Dict.
1257 170 1325 214 Cr.
1355 171 1397 213 II
1433 172 1482 214 17
1512 186 1613 215 con-

0 234 24 298 ξ
53 278 65 300 A·
103 247 248 294 ssflntus
287 258 447 288 eorum.
509 239 577 282 III
608 239 634 280 6
678 237 877 292 egregius
914 235 1114 279 bellandi.
1172 238 1237 280 III
1269 240 1321 281 15
1358 239 1521 281 hostem
1552 255 1617 283 se-

0 304 28 337 ’a'
71 306 80 313 ’
109 328 258 357 curum
284 309 349 356 sui
381 306 629 367 praevortit.
688 304 752 347 III
783 305 837 347 27
867 318 1040 347 securus
1063 305 1156 359 jam
1184 306 1308 349 filiae.
1369 307 1433 350 IV
1453 309 1506 349 13
1524 308 1616 350 viro

0 353 28 411 1⁸7:
107 382 282 441 egregio
324 377 525 422 bellandi.
595 373 657 416 lV
694 374 744 416 15
790 373 983 415 inclitam
1025 373 1226 417 bellandi.
1285 376 1326 419 V
1356 377 1382 418 9
1422 391 1617 419 securum

109 452 176 495 sui
206 450 561 522 secretorumque.
622 442 684 485 VI
715 442 768 484 15
799 442 1011 514 invalidus
1043 444 1210 486 virium.

224 529 266 574 S.
296 527 382 573 Sev.
412 526 456 569 C.
488 524 508 567 I
539 525 584 573 2,
631 525 653 564 7
700 511 882 576 originis
916 522 1151 576 degeneres.
1208 523 1249 564 II
1277 523 1323 575 4,
1362 526 1388 566 6
1429 524 1618 566 insolens

112 598 302 655 parendi.
359 596 403 639 II
437 596 502 645 13,
534 593 560 634 5
602 604 758 646 anceps
799 591 980 633 consilii.
1039 590 1080 633 ΙΙ
1111 593 1189 643 46,
1229 593 1253 633 4
1302 593 1534 636 disserendi
1572 607 1620 635 ac

104 657 356 724 ⁴disputandi
385 661 741 719 promptissimus.
801 660 845 702 H
874 661 944 714 46,
974 661 1001 702 4
1027 661 1174 703 utendi
1205 662 1487 716 parcissimus.

732 867 834 923 Jug.
867 868 934 918 72,
965 868 1004 910 2.

233 1019 486 1076 Jugurthae,
527 1018 764 1061 Bomilcare
805 1019 1004 1073 aliisque,
1044 1033 1150 1073 quos
1180 1021 1397 1074 suspectos
1428 1017 1624 1069 habebat,

121 1089 352 1132 interfectis

238 1182 400 1222 »neque
429 1166 518 1208 dies
547 1168 623 1207 aut
652 1180 736 1208 nox
766 1166 854 1207 ulla
883 1166 1028 1220 quieta
1056 1166 1160 1208 fuit:
1192 1181 1329 1222 neque
1360 1167 1454 1208 loco
1486 1180 1625 1220 neque

123 1235 301 1277 mortali*
335 1235 532 1288 cuiquam
573 1235 648 1275 aut
688 1234 871 1287 tempori
913 1234 1014 1275 satis
1044 1234 1235 1286 credere,
1278 1235 1382 1276 civis
1411 1233 1627 1288 hostisque

119 1304 244 1359 juxta
280 1304 488 1352 metuere,
533 1302 885 1357 circumspectare
924 1303 1067 1344 omnia
1106 1304 1150 1345 et
1188 1304 1304 1345 omni
1344 1303 1527 1358 strepitu
1555 1316 1630 1357 pa-

123 1385 303 1422 vescere,
333 1371 416 1413 alio
445 1372 572 1425 atque
603 1371 686 1413 alio
712 1371 820 1422 loco,
851 1385 977 1427 saepe
1007 1373 1157 1413 contra
1172 1371 1298 1414 decus
1318 1371 1485 1427 regium
1500 1373 1629 1413 noctu

126 1440 401 1495 requiescere,
432 1439 649 1481 interdum
678 1453 827 1482 somno
859 1440 1022 1482 excitus
1041 1439 1228 1495 adreptis
1247 1440 1377 1482 armis
1401 1439 1630 1481 tumultum

126 1509 291 1551 facere:
318 1510 380 1550 ita
409 1508 636 1550 formidine
665 1509 788 1563 quasi
819 1508 1016 1550 vecordia
1044 1508 1295 1562 exagitari«.

240 1587 278 1629 E
320 1587 534 1629 codicibus
565 1587 608 1629 G.
655 1587 847 1643 plerique
892 1589 936 1629 et
980 1587 1115 1642 prima
1145 1586 1196 1628 Pi
1234 1601 1386 1629 manus
1428 1587 1632 1630 exhibent

32 1689 44 1698 s
130 1670 304 1698 »somno
352 1656 566 1704 excitus‹;
624 1656 884 1697 »exercitus«
930 1655 1005 1705 P.;
1053 1656 1314 1697 ›excitatus‹
1358 1656 1402 1698 O.
1453 1655 1633 1710 reliqui;

130 1725 448 1779 ›experrectus‹
509 1723 735 1765 Diomedes
780 1739 820 1778 p.
865 1723 962 1765 376.
1029 1722 1080 1764 In
1130 1722 1209 1764 hac
1258 1724 1380 1764 tanta
1431 1723 1635 1765 librorum

127 1793 333 1847 varietate
377 1792 451 1845 qui
491 1792 669 1833 Sallusti
714 1806 843 1847 opera
894 1792 939 1832 in
984 1805 1106 1832 usum
1151 1791 1368 1845 publicum
1413 1791 1635 1832 ediderunt

128 1849 285 1915 partim
313 1859 502 1901 codicum
532 1860 760 1902 lectionem
792 1860 1023 1909 »excitus«,
1054 1873 1106 1900 ex
1126 1873 1210 1913 qua
1232 1859 1467 1914 scripturae
1490 1872 1635 1901 »exer-

129 1928 265 1970 citus«
297 1929 340 1969 et
372 1928 634 1970 »excitatus«
668 1928 885 1984 profectae
926 1942 1012 1970 esse
1045 1927 1260 1978 videntur,
1306 1927 1491 1982 amplexi
1521 1929 1634 1976 sunt,

130 1996 293 2053 partim
332 1998 504 2052 propter
543 1996 810 2049 Diomedem,
859 1997 932 2052 qui
977 1996 1092 2038 vocis
1133 1998 1452 2052 ›experrectus‹
1495 1996 1636 2052 gratia

128 2065 269 2109 locum
309 2065 483 2108 Sallusti
526 2067 695 2120 laudat,
739 2080 885 2109 omnes
928 2066 1092 2108 codices
1136 2068 1359 2121 corruptos
1403 2080 1491 2107 esse
1526 2065 1638 2120 judi-

128 2135 343 2177 caverunt.
401 2133 494 2184 Quo
541 2135 586 2177 in
627 2150 805 2178 numero
845 2133 1085 2177 Dietschius
1125 2134 1517 2177 commemorandus
1558 2136 1635 2185 est,
1669 2133 1673 2136 Α

130 2217 183 2244 ex
220 2202 306 2244 illis
333 2202 573 2254 Jordanus,
618 2205 693 2258 qui
736 2203 842 2246 mihi
886 2203 1056 2258 quidem
1087 2203 1294 2245 veriorem
1333 2204 1542 2244 rationem
1571 2203 1637 2244 in-

134 2284 303 2325 gressus
334 2284 423 2312 esse
451 2271 630 2314 videtur.
684 2317 689 2321 v

244 2348 438 2405 Namque
455 2352 490 2392 si
510 2351 708 2394 Severum
728 2353 772 2394 in
789 2351 992 2408 epistolae
1010 2352 1185 2393 alterius
1201 2350 1470 2407 paragrapho
1488 2351 1639 2405 quinta

362 2431 566 2487 »evigiloz
610 2447 843 2489 somnoque
888 2434 1050 2476 excitus
1091 2432 1381 2488 congratulari
1419 2446 1639 2487 coeperam

360 2498 555 2541 visioni«.

244 2578 493 2621 Sallustium
526 2583 626 2623 ante
658 2583 802 2625 oculos
832 2583 1032 2625 habuisse
1062 2582 1344 2624 demonstrari
1363 2583 1517 2637 potest,
1542 2581 1639 2636 jure

129 2648 276 2692 nostro
316 2647 570 2703 scripturam
612 2652 828 2694 ›excitus‹
875 2653 1026 2694 contra
1065 2650 1318 2693 vDiomedem
1357 2649 1641 2692 defendemus.

128 2715 228 2759 Jam
265 2729 361 2758 cum
400 2730 489 2759 non
527 2718 654 2761 modo
693 2720 740 2761 in
778 2721 983 2776 epistolae
1013 2719 1266 2762 severianae
1303 2719 1428 2761 initio
1456 2718 1641 2779 imitatio

130 2783 306 2827 Sallusti
336 2784 533 2840 denegari
563 2800 651 2829 non
681 2789 830 2844 possit,
