1864 3042
894 109 928 154 9

295 226 397 272 Sall.
427 226 528 285 Jug.
805 225 918 268 Diet.
949 223 1016 268 Cr.
1337 222 1380 266 S.
1412 221 1506 265 Sev.

399 336 430 370 1.

190 381 226 427 8)
250 381 324 418 dux
345 383 452 427 atque
474 381 659 427 inperator
694 379 729 414 H
762 378 809 415 35
845 378 918 414 dux
954 381 1062 424 atque
1097 378 1163 414 im·
1199 379 1274 416 011
1298 379 1379 424 4,1
1405 376 1496 413 duce
1509 377 1547 411 et
1568 384 1652 410 con·

163 429 260 466 vitae
283 429 490 464 mortalium
672 429 816 472 perator
839 426 989 462 militiae
1176 428 1327 463 citatore
1349 421 1607 471 conjurationis

188 475 236 512 ad
259 475 413 522 gloriam
437 474 579 512 virtutis
601 474 659 509 via
694 474 711 509 I
744 475 790 510 16
813 484 896 509 eum
938 473 984 509 ad
1007 471 1161 519 gloriam

164 526 347 570 grassatur
709 520 952 557 ,festinarent

187 616 225 662 2)
264 571 567 662 ingeni2egregia
604 614 657 650 fa·
693 615 728 651 11
757 617 798 650 19
822 615 970 660 egregia
999 614 1161 650 laborum

164 663 287 700 einora
671 663 745 708 ejus
769 661 928 698 facinora

189 757 226 803 3)
251 783 261 793 .
281 784 290 793 .
315 711 496 793 extri-imae
514 757 656 793 demen
693 757 744 793 IV
768 758 814 792 32
846 758 1047 801 postremae
1084 755 1160 791 des·
1199 759 1268 795 CI
1286 758 1344 802 32,
1371 759 1392 793 3
1408 756 1539 803 plane'
1528 754 1661 801 insigni

121 806 124 807 ⁷
162 805 235 842 tiae
256 807 328 841 est:
353 804 421 840 nisi
437 804 529 840 forte
552 815 657 850 quem
671 802 1161 850 perationisatqueamentiae
1175 806 1339 852 exemplo
1363 805 1541 840 amentiae
1565 813 1666 849 prae·

237 852 394 889 ,lubido
417 855 512 888 teest
533 855 657 897 poten-
1174 855 1324 899 optabat
1358 852 1563 888 libertatem
1594 861 1667 886 ser-

163 899 299 936 tentiae
328 910 526 945 paucorum
549 900 657 935 decus
1175 903 1260 938 vitio
1284 902 1423 936 mutare
1453 904 1489 922 ’Κ

164 950 272 992 atque
310 946 516 982 libertatem
556 958 655 982 suam

164 993 368 1041 gratificari.

190 1091 207 1124 1
247 1088 358 1134 sequ.)
411 1088 577 1123 Ceterum
613 1098 657 1121 ex
1196 1090 1245 1125 M,
1284 1091 1324 1134 1,
1367 1091 1431 1123 1-
1436 1092 1458 1124 2
1500 1087 1667 1133 Plerique
1720 1084 1730 1087 ⁵

164 1136 256 1171 alliis
279 1135 451 1181 negotiis,
483 1146 573 1180 quae
604 1136 655 1170 in·
1174 1137 1406 1172 mortales..
1424 1164 1432 1172 .
1457 1135 1585 1171 exinde
1601 1145 1667 1181 pe·

165 1184 270 1228 genio
287 1185 510 1224 exercentur,
533 1183 570 1216 in
585 1183 656 1227 pri·
1175 1196 1338 1228 rennem,
1387 1187 1427 1219 ut
1474 1183 1665 1228 putabant,

163 1230 232 1265 mis
256 1241 388 1275 magno
412 1230 490 1264 usui
515 1232 568 1264 est
585 1242 656 1265 ine·
1175 1233 1384 1267 memoriam
1418 1230 1574 1266 nominis
1609 1229 1666 1266 sui

163 1278 278 1314 moria
308 1289 428 1312 rerum
461 1282 655 1322 gestarum-
1173 1280 1409 1334 quaesierunt,
1434 1280 1464 1313 si
1480 1278 1572 1314 vitas
1593 1274 1667 1312 ola·

162 1337 248 1361 nam
260 1335 367 1370 saepe
381 1336 449 1369 ego
463 1324 603 1359 audivi.
623 1351 653 1360 ..
1174 1338 1293 1361 rorum
1319 1327 1475 1362 virorum
1506 1324 1590 1360 stilo
1610 1324 1666 1359 in·

162 1373 365 1418 praeclaros
401 1372 495 1407 viros
531 1372 655 1406 solitos
1174 1375 1391 1409 lustrassent.
1412 1383 1503 1418 quae
1518 1382 1586 1408 res
1591 1380 1666 1407 non

162 1421 215 1456 ita
237 1420 354 1455 diare:
379 1430 462 1454 cum
478 1420 653 1464 majorum
1174 1433 1366 1466 perennem
1401 1420 1567 1466 quiden,
1600 1417 1666 1458 ud
1709 1418 1711 1420 ¹

163 1467 336 1513 imagines
353 1466 585 1512 intuerentur,
599 1478 653 1500 ve·
1173 1469 1432 1514 aliquantulum
1441 1470 1565 1504 tamen
1578 1471 1667 1503 ab·
1698 1482 1700 1486 ’

161 1515 439 1550 hementissume
474 1514 544 1548 sibi
582 1514 654 1549 ani-
1173 1521 1298 1562 ceptae
1322 1516 1399 1562 spei
1421 1514 1577 1550 fructum
1602 1511 1667 1551 ad-

162 1574 263 1597 mum
304 1562 350 1597 ad
391 1562 559 1596 virtutem
595 1561 655 1596 ad·
1174 1564 1327 1609 ferebat,
1363 1563 1446 1608 quia
1481 1565 1520 1598 et
1551 1570 1664 1606 suam,

164 1610 296 1647 cendia
327 1609 459 1644 Sclioet
480 1635 488 1643 .
516 1634 525 1643 .
551 1635 558 1643 .
582 1591 664 1664 mei
1172 1611 1275 1647 hcet
1266 1622 1444 1646 incassum
1455 1607 1665 1644 memoriam

161 1657 277 1692 moria
317 1667 434 1691 rerum
477 1659 665 1704 gestarum}
1173 1659 1432 1704 propagabant,
1453 1660 1492 1692 et
1503 1655 1665 1702 proposi-

161 1716 242 1739 eam
282 1704 465 1737 flammam
503 1704 656 1747 egregiis

161 1751 247 1786 viris
271 1751 307 1784 in
325 1754 472 1804 pectore
497 1761 654 1784 creseeie
1172 1753 1664 1804 exemplisnonpnrvaaemu·

161 1808 277 1842 neque
290 1798 386 1842 prius
405 1796 534 1840 sedari,
549 1808 653 1841 quam
1173 1801 1257 1834 latio
1294 1799 1497 1845 legentibus
1534 1797 1664 1832 exeita-

159 1844 655 1888 virtuseorumfamamatque
691 1841 726 1875 II
753 1843 775 1876 4
799 1841 926 1876 divinis
942 1842 1069 1887 patriis
1090 1843 1157 1877 vir·
1172 1849 1277 1883 batur

1172 1707 1217 1741 tis
1253 1717 1467 1750 magnorum
1504 1705 1664 1739 virorum

161 1893 313 1938 gloriam
338 1891 556 1935 adaequarit.
668 1888 802 1923 tutibus
813 1890 994 1933 propriam
1005 1889 1156 1934 gloriam

667 1936 958 1980 aequiparaverat

176 1985 214 2030 3)
224 1984 523 2020 memetstudium
533 1995 649 2019 meum
687 1983 737 2017 IV
765 1985 808 2018 16
825 1983 1062 2027 virtutemque
1083 1984 1158 2028 ejus

158 2032 340 2068 laudando
365 2031 534 2066 extollere
665 2031 980 2111 fongirgemorando
1032 2030 1157 2065 efferre

679 2089 721 2111 au
749 2089 761 2110 l
788 2089 828 2111 ΠΕ

183 2124 219 2169 8)
245 2125 315 2160 alia
414 2135 479 2169 per
503 2125 649 2169 seipsa·
687 2123 722 2157 II
752 2125 792 2158 19
829 2123 897 2168 ipsi
929 2124 1015 2159 clari
1052 2127 1157 2168 atque

159 2173 258 2208 clara
280 2175 317 2207 et
343 2170 535 2216 magnifica
666 2169 846 2215 magnifici

182 2220 218 2263 9)
243 2230 367 2254 verum
400 2229 468 2264 ego
503 2218 650 2253 liberius
1193 2219 1219 2254 C
1240 2219 1267 2254 I.
1293 2221 1351 2259 23,
1377 2219 1398 2251 7
1424 2217 1487 2252 sed
1518 2217 1662 2263 longius

157 2266 332 2311 altiusque
355 2265 524 2310 processi,
564 2265 650 2300 dum
1169 2278 1275 2310 quam
1286 2265 1383 2300 volni
1396 2274 1558 2309 egressus
1571 2276 1662 2308 sum,

157 2325 215 2349 me
230 2313 384 2348 civitatis
397 2323 536 2347 morum
551 2313 651 2356 piget
1166 2314 1255 2348 dum
1280 2323 1338 2347 me
1369 2315 1577 2357 temporum
1601 2323 1663 2347 no-

157 2360 369 2405 taedetque3
402 2370 498 2394 nunc
529 2360 575 2394 ad
600 2360 650 2394 in-
1168 2364 1324 2395 strorum
1336 2359 1439 2405 piget
1453 2359 1661 2405 taedetque:

157 2410 305 2454 ceptum
328 2406 451 2443 redeo.
666 2451 670 2454 -
1168 2408 1215 2443 ad
1238 2407 1568 2453 inceptuussredeo.

186 2501 218 2546 1)
242 2501 409 2546 variaque
421 2500 572 2537 victoria
584 2501 650 2535 fuit
686 2500 740 2535 III
787 2503 829 2536 16
867 2501 966 2536 varia
1013 2511 1156 2546 semper

665 2547 815 2583 victoria
839 2550 1038 2583 certaverat

180 2593 218 2640 5)
251 2594 412 2631 amicitia
443 2593 650 2630 Masinissae
687 2594 722 2629 11
736 2596 779 2630 13
805 2594 929 2630 fideles
950 2597 1058 2639 atque
1069 2594 1156 2630 ami·

155 2642 253 2679 bona
265 2644 373 2688 atque
384 2641 534 2678 honesta
547 2641 650 2677 nobis
664 2641 796 2678 cissimi
844 2642 949 2677 nobis
998 2642 1043 2677 ad
1088 2642 1157 2678 hoo

154 2690 354 2736 permansit
663 2692 806 2734 tempus
829 2691 1103 2735 permanserunt

178 2737 324 2774 eodem
318 2736 417 2773 cultu
429 2747 499 2782 quo
515 2736 648 2773 liberos
685 2736 702 2771 I
723 2739 739 2771 1
767 2746 890 2771 secum
907 2747 967 2771 eos
982 2735 1157 2772 habuerat
1192 2736 1220 2774 C
1241 2736 1403 2778 1.13.3
1427 2733 1660 2788 nutrimina

152 2795 237 2822 auo·
258 2784 359 2822 domi
382 2783 509 2820 habuit
662 2795 775 2867 {eique
787 2783 905 2819 minus
917 2795 1025 2829 quam
1036 2783 1156 2830 regios
1169 2795 1235 2831 pro
1257 2783 1332 2822 filio
1348 2780 1493 2821 curavit
1594 2781 1599 2787 ¹

708 2834 876 2869 ueaverat
