1864 3042
896 130 923 174 6

148 246 224 303 qui
262 240 351 290 non
392 247 515 290 modo
555 260 697 289 rerum
726 245 1016 288 Romanarum
1055 245 1401 288 florentissimum
1444 247 1659 288 auctorem

149 316 279 358 fuisse
309 316 556 358 Sallustium
596 315 813 371 praedicat
842 315 913 370 (A.
945 315 1031 365 III,
1068 315 1138 371 30)
1180 316 1222 356 et
1260 329 1493 357 sermonem
1533 328 1655 356 suum

152 384 206 426 ad
223 384 389 427 dicendi
404 398 487 439 quo
508 384 580 426 ille
610 398 708 425 usus
726 383 862 425 fuerat
879 396 1013 438 genus
1034 383 1325 424 accommodat
1341 382 1417 423 cfr.
1435 381 1656 423 Woelfflin

152 454 198 495 in
231 453 383 495 Philol.
415 454 496 495 vol.
528 452 683 503 XXVI,
715 468 756 508 p.
789 453 868 493 122
899 454 1006 502 cet.;
1039 453 1110 494 sed
1141 453 1281 502 etiam,
1313 466 1396 506 quo
1427 450 1659 493 studiosius

153 536 250 564 eum
295 522 514 576 amplexus
557 524 642 573 est,
689 535 738 562 eo
783 521 941 575 majore
981 521 1071 575 ipse
1119 521 1298 561 eminuit
1341 522 1444 561 arte.
1514 519 1657 573 Atque

151 604 410 645 quamquam
450 591 709 632 Frontonem
759 604 949 645 quoque,
994 590 1044 631 A.
1087 589 1291 639 Gellium,
1336 587 1384 630 L.
1416 588 1658 644 Apulejum,

152 658 468 714 Hegesippum,
523 658 862 714 Exuperantium
905 657 997 713 (cfr.
1042 657 1239 699 Bursiani
1293 657 1424 699 libell.
1473 658 1656 699 academ.

152 727 297 770 Turici
330 729 459 783 1868)
500 742 634 783 genus
673 728 838 770 dicendi
870 727 1175 769 Sallustianum
1206 728 1379 769 minime
1421 727 1658 782 despexisse

152 797 375 852 permultis
402 797 617 838 illustrare
649 810 870 851 possumus
890 796 1106 851 exemplis,
1138 798 1281 837 tamen
1304 797 1479 850 propter
1499 796 1659 838 studio-

151 880 247 907 rum
277 868 521 907 nostrorum
551 865 761 908 rationem
793 880 877 906 non
909 866 1184 920 respiciemus
1214 866 1297 906 nisi
1318 864 1497 906 Lucium
1518 865 1658 920 Septi-

152 935 303 985 mium,
350 935 424 989 qui
463 948 659 990 graecam
698 948 740 975 se
771 934 939 989 Dictyis
981 933 1192 975 Cretensis
1237 933 1514 988 ephemenida
1557 933 1659 975 belli

151 1003 330 1057 Trojani
369 1004 415 1044 in
454 1003 642 1057 linguam
679 1003 857 1045 latinam
887 1002 1152 1043 transtulisse
1183 1002 1285 1044 dicit
1314 1002 1359 1043 in
1390 1002 1572 1056 epistola
1602 1001 1657 1044 ad

149 1071 355 1122 Quintum
372 1073 583 1127 quendam
604 1071 824 1123 Aradium,
857 1071 1036 1125 prologo
1062 1072 1230 1126 totique
1261 1084 1400 1112 rerum
1421 1071 1658 1113 narrationi

150 1141 350 1196 praefixa.
410 1141 545 1190 Quam
575 1141 799 1195 epistolam
830 1153 916 1180 non
949 1139 1135 1194 ejusdem
1165 1139 1383 1193 scriptoris
1411 1153 1500 1181 esse
1529 1141 1656 1194 atque

149 1209 375 1264 prologum
398 1209 496 1251 inde
529 1209 677 1259 elucet,
709 1208 823 1263 quod
846 1208 889 1249 in
912 1208 1104 1263 partibus
1126 1207 1379 1262 quibusdam
1400 1208 1658 1250 narrationis

150 1279 331 1320 alterum
377 1279 640 1334 prooemium
683 1278 737 1319 ab
768 1278 902 1320 altero
932 1278 1117 1326 recedit;
1159 1277 1230 1318 sed
1260 1279 1403 1318 utrum
1435 1277 1657 1332 epistolam

149 1338 267 1402 prius
297 1348 407 1390 idem
437 1363 585 1390 verum
616 1347 907 1403 ephemeridos
938 1346 1202 1402 prooemium
1232 1346 1461 1389 habeamus
1485 1361 1541 1389 an
1561 1361 1659 1403 pro-

148 1417 315 1472 logum,
357 1418 552 1472 equidem
582 1417 812 1471 dijudicare
841 1431 928 1458 non
957 1416 1103 1458 ausim.
1163 1416 1214 1457 In
1245 1417 1471 1471 prooemiis
1500 1419 1656 1469 autem,

150 1491 409 1540 quamquam
439 1486 646 1527 nonnulla
675 1486 790 1527 varie
820 1487 1063 1535 narrantur,
1096 1486 1378 1539 congruenter
1395 1487 1539 1528 tamen
1570 1487 1658 1526 tra-

150 1555 265 1596 ditur
326 1555 458 1597 Dictn
515 1555 755 1597 Cretensem
812 1555 970 1596 bellum
1016 1553 1270 1608 Trojanum,
1326 1555 1393 1596 cui
1441 1554 1657 1598 Idomenei

92 1629 94 1632 “
149 1637 290 1665 comes
314 1623 572 1676 interfuerit,
602 1624 736 1665 literis
755 1623 926 1666 Punicis
957 1623 1225 1678 descripsisse
1255 1623 1429 1677 ejusque
1461 1638 1578 1679 opus,
1610 1624 1656 1665 in

148 1693 343 1746 sepulcro
373 1694 618 1747 inventum,
658 1694 863 1748 jussuque
896 1693 1083 1735 Caesaris
1112 1693 1157 1734 in
1187 1708 1386 1748 graecum
1418 1708 1654 1736 sermonem

146 1775 395 1803 conversum
425 1776 527 1803 esse.
588 1761 648 1803 Ut
676 1776 774 1804 vero
806 1762 852 1803 in
872 1764 1062 1817 tempore
1085 1764 1218 1804 artem
1235 1762 1449 1804 nesciendi
1465 1776 1657 1805 exercere

148 1830 295 1870 utilius
336 1833 423 1882 est,
478 1846 602 1884 quam
654 1833 901 1884 arroganter
944 1832 1107 1872 incerta
1160 1830 1351 1885 proferre
1404 1832 1655 1886 prolataque

146 1897 390 1950 defendere,
430 1899 492 1940 ita
533 1913 609 1940 nos
647 1913 816 1954 quoque
848 1899 999 1953 Dictys
1043 1899 1115 1940 ille
1155 1900 1249 1953 quis
1290 1899 1418 1941 fuerit
1456 1900 1655 1955 ignorare

146 1966 331 2007 libenter
384 1967 581 2008 fatemur.
658 1967 767 2015 Quid
821 1969 933 2020 quod
982 1968 1206 2021 Dungerus
1265 1967 1346 2018 (die
1396 1967 1505 2022 Sagc
1559 1984 1656 2012 vom

145 2034 485 2091 Trojan-Kriege
516 2036 561 2078 in
592 2037 671 2079 den
694 2036 1038 2093 Bearbeitungen
1068 2036 1139 2078 des
1155 2035 1428 2079 Mittelalters
1456 2038 1542 2080 und
1562 2039 1656 2082 ihre

145 2105 323 2145 antiken
358 2103 558 2155 Quellen,
604 2120 643 2159 p.
678 2106 747 2158 18)
791 2106 1084 2160 ephemerida,
1130 2106 1332 2159 quoniam
1364 2107 1483 2148 nulla
1513 2109 1656 2162 graeci

145 2173 329 2228 exempli
359 2175 530 2215 exstant
560 2175 756 2229 vestigia,
799 2188 952 2230 graeca
982 2174 1128 2228 lingua
1155 2188 1344 2229 unquam
1373 2177 1656 2233 conscriptam

146 2240 274 2282 fuisse
320 2256 493 2297 prorsus
539 2245 689 2297 negat,
734 2244 860 2297 idque
907 2258 956 2284 ea
1002 2243 1267 2297 potissimum
1310 2244 1359 2285 de
1390 2258 1515 2287 eausa
1543 2251 1657 2289 recte

146 2311 343 2353 statuisse
374 2311 562 2363 videtur,
608 2312 722 2366 quod
760 2313 997 2354 sententiae
1031 2312 1227 2366 dictaque
1258 2311 1516 2357 Sallustiana
1544 2315 1655 2358 haud

144 2395 242 2423 raro
273 2385 546 2437 repetuntur,
589 2397 697 2438 quae
729 2383 950 2438 Septimio,
993 2385 1028 2424 si
1059 2397 1255 2438 graecam
1286 2386 1496 2438 quandam
1526 2388 1658 2443 ephe-

145 2451 306 2493 merida
336 2451 381 2492 in
411 2451 599 2505 linguam
629 2452 809 2494 latinam
838 2451 1071 2495 transferre
1101 2452 1324 2506 debuisset,
1354 2457 1402 2496 ut
1422 2458 1658 2502 narrationi

145 2533 244 2561 suae
281 2519 508 2570 insereret,
553 2534 765 2575 nusquam
805 2521 1063 2575 contigisset.
1125 2522 1207 2563 Sed
1238 2536 1408 2577 quoquo
1438 2527 1562 2569 modo
1591 2541 1658 2570 res

144 2602 189 2630 se
218 2588 360 2639 habet,
390 2588 433 2630 id
462 2603 637 2644 prorsus
667 2592 829 2632 certum
860 2604 949 2631 esse
980 2590 1161 2639 videtur,
1201 2590 1323 2632 illum
1354 2594 1427 2647 qui
1456 2594 1659 2639 historiae

144 2659 261 2700 illius
298 2660 449 2700 auctor
490 2662 575 2710 est,
613 2661 700 2702 sive
730 2662 1033 2717 grammaticus
1072 2662 1160 2702 sive
1191 2661 1372 2715 quilibet
1401 2664 1528 2716 alius,
1573 2681 1657 2721 quo

143 2728 281 2782 magis
322 2727 451 2770 fidem
491 2728 670 2781 faceret,
711 2730 854 2772 dedita
884 2744 1012 2785 opera
1051 2730 1249 2771 tenebras
1293 2730 1376 2772 sibi
1421 2733 1657 2777 obduxisse.

142 2795 242 2838 Jam
280 2797 331 2838 de
372 2798 595 2852 scriptoris
637 2799 751 2853 ejus,
798 2799 870 2854 qui
914 2813 1069 2841 nomen
1115 2799 1196 2841 sibi
1244 2799 1408 2842 addidit
1448 2800 1657 2857 Septimii,

140 2866 280 2908 aetate
308 2867 472 2908 certum
502 2866 710 2922 judicium
739 2868 970 2925 prolaturis
1000 2867 1106 2910 duae
1136 2868 1420 2924 respiciendae
1447 2870 1643 2914 videntur
