<?xml version="1.0" encoding="UTF-8"?>
<!DOCTYPE html PUBLIC "-//W3C//DTD XHTML 1.0 Transitional//EN"
    "http://www.w3.org/TR/xhtml1/DTD/xhtml1-transitional.dtd">
<html xmlns="http://www.w3.org/1999/xhtml" xml:lang="en" lang="en">
 <head>
  <title>
</title>
<meta http-equiv="Content-Type" content="text/html;charset=utf-8" />
  <meta name='ocr-system' content='tesseract 3.04.00' />
  <meta name='ocr-capabilities' content='ocr_page ocr_carea ocr_par ocr_line ocrx_word'/>
</head>
<body>
  <div class='ocr_page' id='page_1' title='image "4737844_0060.png"; bbox 0 0 1864 3042; ppageno 0'>
   <div class='ocr_carea' id='block_1_1' title="bbox 871 72 925 114">
    <p class='ocr_par' dir='ltr' id='par_1_1' title="bbox 871 72 925 114">
     <span class='ocr_line' id='line_1_1' title="bbox 871 72 925 114; baseline 0 0"><span class='ocrx_word' id='word_1_1' title='bbox 871 72 925 114; x_wconf 87' lang='lat'>54</span> 
     </span>
    </p>
   </div>
   <div class='ocr_carea' id='block_1_2' title="bbox 130 183 1653 1816">
    <p class='ocr_par' dir='ltr' id='par_1_2' title="bbox 134 183 1653 721">
     <span class='ocr_line' id='line_1_2' title="bbox 136 183 1653 241; baseline 0.001 -15"><span class='ocrx_word' id='word_1_2' title='bbox 136 183 366 228; x_wconf 88' lang='lat' dir='ltr'>desiderari</span> <span class='ocrx_word' id='word_1_3' title='bbox 398 186 527 228; x_wconf 85' lang='lat' dir='ltr'><strong>simili</strong></span> <span class='ocrx_word' id='word_1_4' title='bbox 559 185 743 241; x_wconf 87' lang='lat' dir='ltr'>quodam</span> <span class='ocrx_word' id='word_1_5' title='bbox 774 185 972 240; x_wconf 90' lang='lat' dir='ltr'>Septimii</span> <span class='ocrx_word' id='word_1_6' title='bbox 1002 185 1096 227; x_wconf 87' lang='lat' dir='ltr'>loco</span> <span class='ocrx_word' id='word_1_7' title='bbox 1126 186 1417 240; x_wconf 86' lang='lat' dir='ltr'>confirmatur,</span> <span class='ocrx_word' id='word_1_8' title='bbox 1449 196 1532 241; x_wconf 79' lang='lat' dir='ltr'>quo</span> <span class='ocrx_word' id='word_1_9' title='bbox 1563 186 1653 238; x_wconf 85' lang='lat' dir='ltr'>ille,</span> 
     </span>
     <span class='ocr_line' id='line_1_3' title="bbox 135 254 1650 310; baseline 0.002 -16"><span class='ocrx_word' id='word_1_10' title='bbox 135 268 395 309; x_wconf 89' lang='lat' dir='ltr'>quamquam</span> <span class='ocrx_word' id='word_1_11' title='bbox 427 255 477 297; x_wconf 92' lang='lat' dir='ltr'>de</span> <span class='ocrx_word' id='word_1_12' title='bbox 509 254 683 296; x_wconf 87' lang='lat' dir='ltr'>Graecis</span> <span class='ocrx_word' id='word_1_13' title='bbox 713 254 926 296; x_wconf 89' lang='lat' dir='ltr'>contraria</span> <span class='ocrx_word' id='word_1_14' title='bbox 955 254 1060 295; x_wconf 86' lang='lat' dir='ltr'>dicit</span> <span class='ocrx_word' id='word_1_15' title='bbox 1090 268 1248 309; x_wconf 90' lang='lat' dir='ltr'>eorum,</span> <span class='ocrx_word' id='word_1_16' title='bbox 1279 269 1386 310; x_wconf 90' lang='lat' dir='ltr'>quae</span> <span class='ocrx_word' id='word_1_17' title='bbox 1420 255 1650 297; x_wconf 73' lang='lat' dir='ltr'><strong>Sallustius</strong></span> 
     </span>
     <span class='ocr_line' id='line_1_4' title="bbox 134 321 1439 377; baseline 0.002 -14"><span class='ocrx_word' id='word_1_18' title='bbox 134 321 286 364; x_wconf 85' lang='lat' dir='ltr'>Catoni</span> <span class='ocrx_word' id='word_1_19' title='bbox 317 324 431 366; x_wconf 89' lang='lat' dir='ltr'>laudi</span> <span class='ocrx_word' id='word_1_20' title='bbox 462 323 629 373; x_wconf 89' lang='lat' dir='ltr'>tribuit,</span> <span class='ocrx_word' id='word_1_21' title='bbox 662 323 777 364; x_wconf 90' lang='lat' dir='ltr'>hunc</span> <span class='ocrx_word' id='word_1_22' title='bbox 808 324 951 364; x_wconf 89' lang='lat' dir='ltr'>tamen</span> <span class='ocrx_word' id='word_1_23' title='bbox 983 324 1216 377; x_wconf 82' lang='lat' dir='ltr'>respexisse</span> <span class='ocrx_word' id='word_1_24' title='bbox 1247 324 1439 365; x_wconf 89' lang='lat' dir='ltr'>videtur:</span> 
     </span>
     <span class='ocr_line' id='line_1_5' title="bbox 363 390 1649 446; baseline -0.001 -13"><span class='ocrx_word' id='word_1_25' title='bbox 363 392 406 433; x_wconf 96' lang='lat' dir='ltr'>II</span> <span class='ocrx_word' id='word_1_26' title='bbox 435 392 488 433; x_wconf 85' lang='lat'>21</span> <span class='ocrx_word' id='word_1_27' title='bbox 524 390 675 433; x_wconf 74' lang='lat' dir='ltr'>»credo</span> <span class='ocrx_word' id='word_1_28' title='bbox 706 403 786 445; x_wconf 87' lang='lat' dir='ltr'>ego</span> <span class='ocrx_word' id='word_1_29' title='bbox 817 404 902 440; x_wconf 88' lang='lat' dir='ltr'>vos,</span> <span class='ocrx_word' id='word_1_30' title='bbox 936 390 1112 445; x_wconf 91' lang='lat' dir='ltr'>Trojani</span> <span class='ocrx_word' id='word_1_31' title='bbox 1144 391 1374 446; x_wconf 83' lang='lat' dir='ltr'>principes,</span> <span class='ocrx_word' id='word_1_32' title='bbox 1415 391 1518 433; x_wconf 87' lang='lat' dir='ltr'>satis</span> <span class='ocrx_word' id='word_1_33' title='bbox 1548 405 1649 432; x_wconf 88' lang='lat' dir='ltr'>con-</span> 
     </span>
     <span class='ocr_line' id='line_1_6' title="bbox 364 458 1649 514; baseline 0.001 -13"><span class='ocrx_word' id='word_1_34' title='bbox 364 461 529 514; x_wconf 89' lang='lat' dir='ltr'>pertum</span> <span class='ocrx_word' id='word_1_35' title='bbox 570 459 747 509; x_wconf 88' lang='lat' dir='ltr'>habere,</span> <span class='ocrx_word' id='word_1_36' title='bbox 787 458 895 499; x_wconf 90' lang='lat' dir='ltr'>nihil</span> <span class='ocrx_word' id='word_1_37' title='bbox 926 460 1086 500; x_wconf 83' lang='lat' dir='ltr'>temere</span> <span class='ocrx_word' id='word_1_38' title='bbox 1117 458 1314 513; x_wconf 84' lang='lat' dir='ltr'>Graecos,</span> <span class='ocrx_word' id='word_1_39' title='bbox 1356 460 1468 502; x_wconf 90' lang='lat' dir='ltr'>nihil</span> <span class='ocrx_word' id='word_1_40' title='bbox 1497 461 1649 502; x_wconf 88' lang='lat' dir='ltr'>incon-</span> 
     </span>
     <span class='ocr_line' id='line_1_7' title="bbox 362 527 1648 585; baseline 0 -15"><span class='ocrx_word' id='word_1_41' title='bbox 362 529 522 570; x_wconf 89' lang='lat' dir='ltr'>sultum</span> <span class='ocrx_word' id='word_1_42' title='bbox 561 528 750 583; x_wconf 83' lang='lat' dir='ltr'>incipere</span> <span class='ocrx_word' id='word_1_43' title='bbox 789 527 942 578; x_wconf 89' lang='lat' dir='ltr'>solere,</span> <span class='ocrx_word' id='word_1_44' title='bbox 984 542 1033 570; x_wconf 88' lang='lat' dir='ltr'>ac</span> <span class='ocrx_word' id='word_1_45' title='bbox 1076 542 1241 584; x_wconf 87' lang='lat' dir='ltr'>semper</span> <span class='ocrx_word' id='word_1_46' title='bbox 1280 528 1347 571; x_wconf 92' lang='lat' dir='ltr'>his</span> <span class='ocrx_word' id='word_1_47' title='bbox 1372 529 1463 585; x_wconf 89' lang='lat' dir='ltr'>jam</span> <span class='ocrx_word' id='word_1_48' title='bbox 1500 530 1592 570; x_wconf 90' lang='lat' dir='ltr'>tum</span> <span class='ocrx_word' id='word_1_49' title='bbox 1623 543 1648 570; x_wconf 88' lang='lat' dir='ltr'>a</span> 
     </span>
     <span class='ocr_line' id='line_1_8' title="bbox 362 595 1647 651; baseline 0 -13"><span class='ocrx_word' id='word_1_50' title='bbox 362 596 594 651; x_wconf 88' lang='lat' dir='ltr'>majoribus</span> <span class='ocrx_word' id='word_1_51' title='bbox 638 595 854 651; x_wconf 84' lang='lat' dir='ltr'>provisum</span> <span class='ocrx_word' id='word_1_52' title='bbox 898 597 1026 650; x_wconf 90' lang='lat' dir='ltr'>atque</span> <span class='ocrx_word' id='word_1_53' title='bbox 1072 597 1337 640; x_wconf 83' lang='lat' dir='ltr'>elaboratum</span> <span class='ocrx_word' id='word_1_54' title='bbox 1353 629 1363 649; x_wconf 87' lang='lat'>,</span> <span class='ocrx_word' id='word_1_55' title='bbox 1422 598 1486 639; x_wconf 92' lang='lat' dir='ltr'>uti</span> <span class='ocrx_word' id='word_1_56' title='bbox 1536 595 1647 639; x_wconf 86' lang='lat' dir='ltr'>facta</span> 
     </span>
     <span class='ocr_line' id='line_1_9' title="bbox 364 664 1645 721; baseline 0 -15"><span class='ocrx_word' id='word_1_57' title='bbox 364 666 567 720; x_wconf 81' lang='lat' dir='ltr'>gestaque</span> <span class='ocrx_word' id='word_1_58' title='bbox 598 678 743 706; x_wconf 90' lang='lat' dir='ltr'>eorum</span> <span class='ocrx_word' id='word_1_59' title='bbox 774 664 866 705; x_wconf 88' lang='lat' dir='ltr'>laus</span> <span class='ocrx_word' id='word_1_60' title='bbox 897 664 1038 719; x_wconf 89' lang='lat' dir='ltr'>potius</span> <span class='ocrx_word' id='word_1_61' title='bbox 1064 679 1192 719; x_wconf 91' lang='lat' dir='ltr'>quam</span> <span class='ocrx_word' id='word_1_62' title='bbox 1211 665 1338 721; x_wconf 89' lang='lat' dir='ltr'>culpa</span> <span class='ocrx_word' id='word_1_63' title='bbox 1356 668 1645 720; x_wconf 76' lang='lat' dir='ltr'>sequeretur«.</span> 
     </span>
    </p>

    <p class='ocr_par' dir='ltr' id='par_1_3' title="bbox 130 731 1647 1542">
     <span class='ocr_line' id='line_1_10' title="bbox 250 731 1646 786; baseline 0 -13"><span class='ocrx_word' id='word_1_64' title='bbox 250 731 342 780; x_wconf 84' lang='lat' dir='ltr'>Qua</span> <span class='ocrx_word' id='word_1_65' title='bbox 368 733 611 774; x_wconf 74' lang='lat' dir='ltr'>imitatione</span> <span class='ocrx_word' id='word_1_66' title='bbox 628 732 737 773; x_wconf 91' lang='lat' dir='ltr'>nihil</span> <span class='ocrx_word' id='word_1_67' title='bbox 752 732 976 782; x_wconf 86' lang='lat' dir='ltr'>contineri,</span> <span class='ocrx_word' id='word_1_68' title='bbox 1007 746 1092 786; x_wconf 90' lang='lat' dir='ltr'>quo</span> <span class='ocrx_word' id='word_1_69' title='bbox 1107 733 1221 775; x_wconf 87' lang='lat' dir='ltr'>inter</span> <span class='ocrx_word' id='word_1_70' title='bbox 1237 733 1422 783; x_wconf 80' lang='lat' dir='ltr'>»illam«,</span> <span class='ocrx_word' id='word_1_71' title='bbox 1457 733 1646 783; x_wconf 77' lang='lat' dir='ltr'>»illum«,</span> 
     </span>
     <span class='ocr_line' id='line_1_11' title="bbox 137 801 1647 856; baseline 0.001 -15"><span class='ocrx_word' id='word_1_72' title='bbox 137 802 263 843; x_wconf 73' lang='lat' dir='ltr'>»illa«</span> <span class='ocrx_word' id='word_1_73' title='bbox 296 801 577 856; x_wconf 81' lang='lat' dir='ltr'>dijudicantes</span> <span class='ocrx_word' id='word_1_74' title='bbox 607 802 854 851; x_wconf 74' lang='lat' dir='ltr'>innitamur,</span> <span class='ocrx_word' id='word_1_75' title='bbox 886 801 1008 843; x_wconf 85' lang='lat' dir='ltr'>valde</span> <span class='ocrx_word' id='word_1_76' title='bbox 1037 801 1264 843; x_wconf 89' lang='lat' dir='ltr'>dolendum</span> <span class='ocrx_word' id='word_1_77' title='bbox 1281 803 1357 844; x_wconf 89' lang='lat' dir='ltr'>est.</span> <span class='ocrx_word' id='word_1_78' title='bbox 1404 801 1647 844; x_wconf 86' lang='lat' dir='ltr'>Scribentes</span> 
     </span>
     <span class='ocr_line' id='line_1_12' title="bbox 133 869 1647 927; baseline 0 -15"><span class='ocrx_word' id='word_1_79' title='bbox 133 871 267 927; x_wconf 87' lang='lat' dir='ltr'>igitur</span> <span class='ocrx_word' id='word_1_80' title='bbox 300 885 375 913; x_wconf 83' lang='lat' dir='ltr'>»eo</span> <span class='ocrx_word' id='word_1_81' title='bbox 405 870 542 926; x_wconf 87' lang='lat' dir='ltr'>magis</span> <span class='ocrx_word' id='word_1_82' title='bbox 567 870 685 912; x_wconf 88' lang='lat' dir='ltr'>illam</span> <span class='ocrx_word' id='word_1_83' title='bbox 711 869 994 925; x_wconf 76' lang='lat' dir='ltr'>sequebatur«</span> <span class='ocrx_word' id='word_1_84' title='bbox 1013 870 1322 926; x_wconf 75' lang='lat' dir='ltr'>ineptissimam</span> <span class='ocrx_word' id='word_1_85' title='bbox 1339 885 1417 913; x_wconf 89' lang='lat' dir='ltr'>nos</span> <span class='ocrx_word' id='word_1_86' title='bbox 1437 872 1481 913; x_wconf 92' lang='lat' dir='ltr'>et</span> <span class='ocrx_word' id='word_1_87' title='bbox 1498 873 1647 913; x_wconf 89' lang='lat' dir='ltr'>contra</span> 
     </span>
     <span class='ocr_line' id='line_1_13' title="bbox 133 939 1645 996; baseline 0 -14"><span class='ocrx_word' id='word_1_88' title='bbox 133 955 182 982; x_wconf 92' lang='lat' dir='ltr'>ea</span> <span class='ocrx_word' id='word_1_89' title='bbox 198 955 306 995; x_wconf 92' lang='lat' dir='ltr'>quae</span> <span class='ocrx_word' id='word_1_90' title='bbox 324 940 600 982; x_wconf 86' lang='lat' dir='ltr'>antecedunt:</span> <span class='ocrx_word' id='word_1_91' title='bbox 634 954 744 994; x_wconf 75' lang='lat' dir='ltr'>»quo</span> <span class='ocrx_word' id='word_1_92' title='bbox 761 940 900 980; x_wconf 86' lang='lat' dir='ltr'>minus</span> <span class='ocrx_word' id='word_1_93' title='bbox 915 939 1090 994; x_wconf 87' lang='lat' dir='ltr'>petebat</span> <span class='ocrx_word' id='word_1_94' title='bbox 1102 939 1307 994; x_wconf 79' lang='lat' dir='ltr'>gloriam«</span> <span class='ocrx_word' id='word_1_95' title='bbox 1331 942 1645 996; x_wconf 74' lang='lat' dir='ltr'>repugnantem</span> 
     </span>
     <span class='ocr_line' id='line_1_14' title="bbox 133 1007 1644 1065; baseline 0 -14"><span class='ocrx_word' id='word_1_96' title='bbox 133 1009 390 1052; x_wconf 84' lang='lat' dir='ltr'>sententiam</span> <span class='ocrx_word' id='word_1_97' title='bbox 406 1008 598 1065; x_wconf 87' lang='lat' dir='ltr'>proferre</span> <span class='ocrx_word' id='word_1_98' title='bbox 615 1022 740 1050; x_wconf 91' lang='lat' dir='ltr'>nemo</span> <span class='ocrx_word' id='word_1_99' title='bbox 756 1022 842 1049; x_wconf 91' lang='lat' dir='ltr'>non</span> <span class='ocrx_word' id='word_1_100' title='bbox 859 1007 987 1049; x_wconf 87' lang='lat' dir='ltr'>videt.</span> <span class='ocrx_word' id='word_1_101' title='bbox 1034 1007 1193 1050; x_wconf 85' lang='lat' dir='ltr'>Contra</span> <span class='ocrx_word' id='word_1_102' title='bbox 1207 1008 1418 1064; x_wconf 89' lang='lat' dir='ltr'>scriptura</span> <span class='ocrx_word' id='word_1_103' title='bbox 1432 1008 1644 1051; x_wconf 89' lang='lat' dir='ltr'>Dietschii</span> 
     </span>
     <span class='ocr_line' id='line_1_15' title="bbox 135 1076 1643 1133; baseline 0.002 -16"><span class='ocrx_word' id='word_1_104' title='bbox 135 1079 261 1120; x_wconf 77' lang='lat' dir='ltr'>»illa«</span> <span class='ocrx_word' id='word_1_105' title='bbox 295 1078 386 1120; x_wconf 90' lang='lat' dir='ltr'>sine</span> <span class='ocrx_word' id='word_1_106' title='bbox 416 1078 504 1119; x_wconf 89' lang='lat' dir='ltr'>ulla</span> <span class='ocrx_word' id='word_1_107' title='bbox 533 1077 726 1119; x_wconf 90' lang='lat' dir='ltr'>codicum</span> <span class='ocrx_word' id='word_1_108' title='bbox 756 1077 838 1118; x_wconf 91' lang='lat' dir='ltr'>fide</span> <span class='ocrx_word' id='word_1_109' title='bbox 869 1079 946 1129; x_wconf 87' lang='lat' dir='ltr'>est,</span> <span class='ocrx_word' id='word_1_110' title='bbox 978 1076 1174 1131; x_wconf 90' lang='lat' dir='ltr'>quodque</span> <span class='ocrx_word' id='word_1_111' title='bbox 1187 1076 1401 1119; x_wconf 89' lang='lat' dir='ltr'>Jordanus</span> <span class='ocrx_word' id='word_1_112' title='bbox 1422 1078 1643 1133; x_wconf 84' lang='lat' dir='ltr'>amplexus</span> 
     </span>
     <span class='ocr_line' id='line_1_16' title="bbox 132 1143 1643 1200; baseline -0.001 -12"><span class='ocrx_word' id='word_1_113' title='bbox 132 1149 198 1189; x_wconf 88' lang='lat' dir='ltr'>est</span> <span class='ocrx_word' id='word_1_114' title='bbox 245 1146 418 1187; x_wconf 80' lang='lat' dir='ltr'>»illum«</span> <span class='ocrx_word' id='word_1_115' title='bbox 451 1145 679 1199; x_wconf 86' lang='lat' dir='ltr'>Augustini</span> <span class='ocrx_word' id='word_1_116' title='bbox 719 1144 967 1186; x_wconf 83' lang='lat' dir='ltr'>testimonio</span> <span class='ocrx_word' id='word_1_117' title='bbox 1010 1143 1255 1196; x_wconf 88' lang='lat' dir='ltr'>fulciretur,</span> <span class='ocrx_word' id='word_1_118' title='bbox 1301 1145 1383 1186; x_wconf 90' lang='lat' dir='ltr'>nisi</span> <span class='ocrx_word' id='word_1_119' title='bbox 1423 1145 1643 1200; x_wconf 87' lang='lat' dir='ltr'>scriptoris</span> 
     </span>
     <span class='ocr_line' id='line_1_17' title="bbox 130 1212 1643 1268; baseline -0.001 -12"><span class='ocrx_word' id='word_1_120' title='bbox 130 1215 246 1257; x_wconf 89' lang='lat' dir='ltr'>illius</span> <span class='ocrx_word' id='word_1_121' title='bbox 277 1214 552 1256; x_wconf 88' lang='lat' dir='ltr'>ecclesiastici</span> <span class='ocrx_word' id='word_1_122' title='bbox 581 1213 713 1255; x_wconf 91' lang='lat' dir='ltr'>libros</span> <span class='ocrx_word' id='word_1_123' title='bbox 729 1213 918 1255; x_wconf 86' lang='lat' dir='ltr'>criticam</span> <span class='ocrx_word' id='word_1_124' title='bbox 933 1212 1071 1254; x_wconf 90' lang='lat' dir='ltr'>adhuc</span> <span class='ocrx_word' id='word_1_125' title='bbox 1087 1213 1404 1268; x_wconf 85' lang='lat' dir='ltr'>philologorum</span> <span class='ocrx_word' id='word_1_126' title='bbox 1422 1227 1643 1255; x_wconf 90' lang='lat' dir='ltr'>censuram</span> 
     </span>
     <span class='ocr_line' id='line_1_18' title="bbox 132 1277 1642 1339; baseline -0.001 -14"><span class='ocrx_word' id='word_1_127' title='bbox 132 1277 354 1339; x_wconf 79' lang='lat' dir='ltr'>expectare</span> <span class='ocrx_word' id='word_1_128' title='bbox 400 1283 627 1324; x_wconf 82' lang='lat' dir='ltr'>constaret.</span> <span class='ocrx_word' id='word_1_129' title='bbox 703 1280 825 1323; x_wconf 84' lang='lat' dir='ltr'>Certe</span> <span class='ocrx_word' id='word_1_130' title='bbox 870 1280 952 1322; x_wconf 90' lang='lat' dir='ltr'>hoc</span> <span class='ocrx_word' id='word_1_131' title='bbox 996 1281 1166 1335; x_wconf 91' lang='lat' dir='ltr'>quidem</span> <span class='ocrx_word' id='word_1_132' title='bbox 1211 1281 1304 1323; x_wconf 89' lang='lat' dir='ltr'>loco</span> <span class='ocrx_word' id='word_1_133' title='bbox 1349 1282 1642 1324; x_wconf 87' lang='lat' dir='ltr'>testimonium</span> 
     </span>
     <span class='ocr_line' id='line_1_19' title="bbox 132 1349 1643 1407; baseline 0 -14"><span class='ocrx_word' id='word_1_134' title='bbox 132 1353 223 1407; x_wconf 90' lang='lat' dir='ltr'>ejus</span> <span class='ocrx_word' id='word_1_135' title='bbox 254 1352 365 1392; x_wconf 89' lang='lat' dir='ltr'>nihil</span> <span class='ocrx_word' id='word_1_136' title='bbox 396 1351 535 1392; x_wconf 84' lang='lat' dir='ltr'>valere</span> <span class='ocrx_word' id='word_1_137' title='bbox 567 1365 617 1392; x_wconf 86' lang='lat' dir='ltr'>ex</span> <span class='ocrx_word' id='word_1_138' title='bbox 647 1365 697 1391; x_wconf 88' lang='lat' dir='ltr'>eo</span> <span class='ocrx_word' id='word_1_139' title='bbox 728 1352 920 1405; x_wconf 87' lang='lat' dir='ltr'>apparet,</span> <span class='ocrx_word' id='word_1_140' title='bbox 949 1350 1060 1404; x_wconf 92' lang='lat' dir='ltr'>quod</span> <span class='ocrx_word' id='word_1_141' title='bbox 1093 1364 1117 1390; x_wconf 90' lang='lat' dir='ltr'>a</span> <span class='ocrx_word' id='word_1_142' title='bbox 1139 1349 1396 1391; x_wconf 89' lang='lat' dir='ltr'>Sallustiano</span> <span class='ocrx_word' id='word_1_143' title='bbox 1418 1351 1643 1393; x_wconf 86' lang='lat' dir='ltr'>verborum</span> 
     </span>
     <span class='ocr_line' id='line_1_20' title="bbox 132 1417 1644 1475; baseline -0.001 -12"><span class='ocrx_word' id='word_1_144' title='bbox 132 1421 278 1463; x_wconf 86' lang='lat' dir='ltr'>ordine</span> <span class='ocrx_word' id='word_1_145' title='bbox 320 1419 520 1462; x_wconf 88' lang='lat' dir='ltr'>recedens</span> <span class='ocrx_word' id='word_1_146' title='bbox 558 1432 793 1473; x_wconf 88' lang='lat' dir='ltr'>pronomen</span> <span class='ocrx_word' id='word_1_147' title='bbox 839 1417 1012 1459; x_wconf 80' lang='lat' dir='ltr'>»illum«</span> <span class='ocrx_word' id='word_1_148' title='bbox 1043 1417 1267 1459; x_wconf 88' lang='lat' dir='ltr'>falsissime</span> <span class='ocrx_word' id='word_1_149' title='bbox 1298 1420 1396 1461; x_wconf 89' lang='lat' dir='ltr'>ante</span> <span class='ocrx_word' id='word_1_150' title='bbox 1426 1434 1644 1475; x_wconf 89' lang='lat' dir='ltr'>compara-</span> 
     </span>
     <span class='ocr_line' id='line_1_21' title="bbox 131 1486 678 1542; baseline -0.005 -13"><span class='ocrx_word' id='word_1_151' title='bbox 131 1489 266 1529; x_wconf 89' lang='lat' dir='ltr'>tivum</span> <span class='ocrx_word' id='word_1_152' title='bbox 301 1487 490 1542; x_wconf 82' lang='lat' dir='ltr'>»magis«</span> <span class='ocrx_word' id='word_1_153' title='bbox 524 1486 678 1541; x_wconf 87' lang='lat' dir='ltr'>posuit.</span> 
     </span>
    </p>

    <p class='ocr_par' dir='ltr' id='par_1_4' title="bbox 130 1552 1643 1816">
     <span class='ocr_line' id='line_1_22' title="bbox 249 1552 1643 1612; baseline 0 -15"><span class='ocrx_word' id='word_1_154' title='bbox 249 1555 399 1610; x_wconf 90' lang='lat' dir='ltr'>Itaque</span> <span class='ocrx_word' id='word_1_155' title='bbox 442 1568 536 1597; x_wconf 90' lang='lat' dir='ltr'>cum</span> <span class='ocrx_word' id='word_1_156' title='bbox 577 1554 742 1595; x_wconf 88' lang='lat' dir='ltr'>codices</span> <span class='ocrx_word' id='word_1_157' title='bbox 772 1552 947 1594; x_wconf 87' lang='lat' dir='ltr'>Sallusti</span> <span class='ocrx_word' id='word_1_158' title='bbox 977 1555 1090 1595; x_wconf 90' lang='lat' dir='ltr'>inter</span> <span class='ocrx_word' id='word_1_159' title='bbox 1119 1569 1162 1596; x_wconf 90' lang='lat' dir='ltr'>se</span> <span class='ocrx_word' id='word_1_160' title='bbox 1193 1555 1451 1610; x_wconf 78' lang='lat' dir='ltr'>discrepent,</span> <span class='ocrx_word' id='word_1_161' title='bbox 1493 1555 1643 1612; x_wconf 85' lang='lat' dir='ltr'>Augu-</span> 
     </span>
     <span class='ocr_line' id='line_1_23' title="bbox 133 1622 1643 1677; baseline 0.001 -12"><span class='ocrx_word' id='word_1_162' title='bbox 133 1625 270 1666; x_wconf 83' lang='lat' dir='ltr'>stinus</span> <span class='ocrx_word' id='word_1_163' title='bbox 312 1625 455 1666; x_wconf 87' lang='lat' dir='ltr'>autem</span> <span class='ocrx_word' id='word_1_164' title='bbox 497 1622 624 1677; x_wconf 86' lang='lat' dir='ltr'>paulo</span> <span class='ocrx_word' id='word_1_165' title='bbox 664 1622 955 1676; x_wconf 86' lang='lat' dir='ltr'>negligentius</span> <span class='ocrx_word' id='word_1_166' title='bbox 995 1623 1041 1664; x_wconf 91' lang='lat' dir='ltr'>in</span> <span class='ocrx_word' id='word_1_167' title='bbox 1073 1622 1277 1665; x_wconf 85' lang='lat' dir='ltr'>Sallustio</span> <span class='ocrx_word' id='word_1_168' title='bbox 1308 1624 1520 1666; x_wconf 88' lang='lat' dir='ltr'>laudando</span> <span class='ocrx_word' id='word_1_169' title='bbox 1551 1640 1643 1667; x_wconf 88' lang='lat' dir='ltr'>ver-</span> 
     </span>
     <span class='ocr_line' id='line_1_24' title="bbox 130 1689 1642 1745; baseline 0.001 -12"><span class='ocrx_word' id='word_1_170' title='bbox 130 1694 248 1733; x_wconf 86' lang='lat' dir='ltr'>satus</span> <span class='ocrx_word' id='word_1_171' title='bbox 287 1692 364 1743; x_wconf 89' lang='lat' dir='ltr'>sit,</span> <span class='ocrx_word' id='word_1_172' title='bbox 408 1691 531 1733; x_wconf 88' lang='lat' dir='ltr'>nobis</span> <span class='ocrx_word' id='word_1_173' title='bbox 572 1689 741 1745; x_wconf 90' lang='lat' dir='ltr'>quidem</span> <span class='ocrx_word' id='word_1_174' title='bbox 785 1703 1019 1744; x_wconf 89' lang='lat' dir='ltr'>pronomen</span> <span class='ocrx_word' id='word_1_175' title='bbox 1061 1689 1163 1732; x_wconf 87' lang='lat' dir='ltr'>illud</span> <span class='ocrx_word' id='word_1_176' title='bbox 1205 1705 1378 1745; x_wconf 85' lang='lat' dir='ltr'>prorsus</span> <span class='ocrx_word' id='word_1_177' title='bbox 1417 1692 1642 1735; x_wconf 90' lang='lat' dir='ltr'>delendum</span> 
     </span>
     <span class='ocr_line' id='line_1_25' title="bbox 130 1758 1449 1816; baseline -0.002 -13"><span class='ocrx_word' id='word_1_178' title='bbox 130 1760 311 1810; x_wconf 87' lang='lat' dir='ltr'>videtur,</span> <span class='ocrx_word' id='word_1_179' title='bbox 346 1759 597 1816; x_wconf 86' lang='lat' dir='ltr'>praesertim</span> <span class='ocrx_word' id='word_1_180' title='bbox 630 1772 724 1800; x_wconf 86' lang='lat' dir='ltr'>cum</span> <span class='ocrx_word' id='word_1_181' title='bbox 757 1758 926 1799; x_wconf 90' lang='lat' dir='ltr'>sublato</span> <span class='ocrx_word' id='word_1_182' title='bbox 956 1772 1004 1800; x_wconf 93' lang='lat' dir='ltr'>eo</span> <span class='ocrx_word' id='word_1_183' title='bbox 1036 1758 1147 1800; x_wconf 92' lang='lat' dir='ltr'>nihil</span> <span class='ocrx_word' id='word_1_184' title='bbox 1178 1760 1449 1802; x_wconf 87' lang='lat' dir='ltr'>desideretur.</span> 
     </span>
    </p>
   </div>
   <div class='ocr_carea' id='block_1_3' title="bbox 717 1930 1062 1980">
    <p class='ocr_par' dir='ltr' id='par_1_5' title="bbox 717 1930 1062 1980">
     <span class='ocr_line' id='line_1_26' title="bbox 717 1930 1062 1980; baseline -0.012 -6"><span class='ocrx_word' id='word_1_185' title='bbox 717 1930 808 1974; x_wconf 77' lang='lat' dir='ltr'>Cat.</span> <span class='ocrx_word' id='word_1_186' title='bbox 837 1931 905 1980; x_wconf 86' lang='lat'>55,</span> <span class='ocrx_word' id='word_1_187' title='bbox 942 1931 1062 1971; x_wconf 77' lang='lat'><strong>1-6,</strong></span> 
     </span>
    </p>
   </div>
   <div class='ocr_carea' id='block_1_4' title="bbox 123 2041 1645 2855">
    <p class='ocr_par' dir='ltr' id='par_1_6' title="bbox 123 2041 1645 2774">
     <span class='ocr_line' id='line_1_27' title="bbox 247 2041 1641 2097; baseline 0.001 -14"><span class='ocrx_word' id='word_1_188' title='bbox 247 2042 531 2097; x_wconf 83' lang='lat' dir='ltr'>›Postquam,</span> <span class='ocrx_word' id='word_1_189' title='bbox 589 2044 637 2082; x_wconf 88' lang='lat' dir='ltr'>ut</span> <span class='ocrx_word' id='word_1_190' title='bbox 691 2041 798 2093; x_wconf 85' lang='lat' dir='ltr'>dixi,</span> <span class='ocrx_word' id='word_1_191' title='bbox 856 2043 1027 2083; x_wconf 89' lang='lat' dir='ltr'>senatus</span> <span class='ocrx_word' id='word_1_192' title='bbox 1072 2042 1117 2082; x_wconf 89' lang='lat' dir='ltr'>in</span> <span class='ocrx_word' id='word_1_193' title='bbox 1161 2041 1336 2084; x_wconf 83' lang='lat' dir='ltr'>Catonis</span> <span class='ocrx_word' id='word_1_194' title='bbox 1386 2042 1641 2085; x_wconf 83' lang='lat' dir='ltr'>sententiam</span> 
     </span>
     <span class='ocr_line' id='line_1_28' title="bbox 128 2109 1641 2166; baseline 0.001 -14"><span class='ocrx_word' id='word_1_195' title='bbox 128 2110 334 2165; x_wconf 86' lang='lat' dir='ltr'>discessit,</span> <span class='ocrx_word' id='word_1_196' title='bbox 365 2111 528 2161; x_wconf 82' lang='lat' dir='ltr'>consul,</span> <span class='ocrx_word' id='word_1_197' title='bbox 561 2113 784 2165; x_wconf 86' lang='lat' dir='ltr'>optumum</span> <span class='ocrx_word' id='word_1_198' title='bbox 816 2109 932 2151; x_wconf 88' lang='lat' dir='ltr'>factu</span> <span class='ocrx_word' id='word_1_199' title='bbox 963 2111 1081 2151; x_wconf 89' lang='lat' dir='ltr'>ratus</span> <span class='ocrx_word' id='word_1_200' title='bbox 1113 2112 1282 2152; x_wconf 89' lang='lat' dir='ltr'>noctem</span> <span class='ocrx_word' id='word_1_201' title='bbox 1312 2125 1421 2166; x_wconf 88' lang='lat' dir='ltr'>quae</span> <span class='ocrx_word' id='word_1_202' title='bbox 1450 2111 1641 2153; x_wconf 88' lang='lat' dir='ltr'>instabat</span> 
     </span>
     <span class='ocr_line' id='line_1_29' title="bbox 129 2179 1641 2235; baseline 0.001 -14"><span class='ocrx_word' id='word_1_203' title='bbox 129 2182 381 2235; x_wconf 88' lang='lat' dir='ltr'>antecapere</span> <span class='ocrx_word' id='word_1_204' title='bbox 422 2195 475 2222; x_wconf 90' lang='lat' dir='ltr'>ne</span> <span class='ocrx_word' id='word_1_205' title='bbox 517 2180 617 2234; x_wconf 91' lang='lat' dir='ltr'>quid</span> <span class='ocrx_word' id='word_1_206' title='bbox 649 2194 698 2221; x_wconf 92' lang='lat' dir='ltr'>eo</span> <span class='ocrx_word' id='word_1_207' title='bbox 730 2179 868 2234; x_wconf 90' lang='lat' dir='ltr'>spatio</span> <span class='ocrx_word' id='word_1_208' title='bbox 901 2180 1150 2229; x_wconf 85' lang='lat' dir='ltr'>novaretur,</span> <span class='ocrx_word' id='word_1_209' title='bbox 1192 2181 1278 2222; x_wconf 89' lang='lat' dir='ltr'>tres</span> <span class='ocrx_word' id='word_1_210' title='bbox 1307 2179 1421 2222; x_wconf 86' lang='lat' dir='ltr'>viros</span> <span class='ocrx_word' id='word_1_211' title='bbox 1450 2195 1557 2235; x_wconf 87' lang='lat' dir='ltr'>quae</span> <span class='ocrx_word' id='word_1_212' title='bbox 1587 2180 1641 2222; x_wconf 88' lang='lat' dir='ltr'>ad</span> 
     </span>
     <span class='ocr_line' id='line_1_30' title="bbox 130 2248 1641 2305; baseline 0.001 -15"><span class='ocrx_word' id='word_1_213' title='bbox 130 2250 386 2305; x_wconf 88' lang='lat' dir='ltr'>subplicium</span> <span class='ocrx_word' id='word_1_214' title='bbox 418 2249 665 2305; x_wconf 90' lang='lat' dir='ltr'>postulabat</span> <span class='ocrx_word' id='word_1_215' title='bbox 696 2263 846 2304; x_wconf 88' lang='lat' dir='ltr'>parare</span> <span class='ocrx_word' id='word_1_216' title='bbox 872 2248 1019 2303; x_wconf 80' lang='lat' dir='ltr'>jubet3</span> <span class='ocrx_word' id='word_1_217' title='bbox 1049 2249 1141 2304; x_wconf 89' lang='lat' dir='ltr'>ipse</span> <span class='ocrx_word' id='word_1_218' title='bbox 1171 2249 1395 2305; x_wconf 86' lang='lat' dir='ltr'>praesidiis</span> <span class='ocrx_word' id='word_1_219' title='bbox 1424 2249 1641 2305; x_wconf 88' lang='lat' dir='ltr'>dispositis</span> 
     </span>
     <span class='ocr_line' id='line_1_31' title="bbox 125 2318 1641 2373; baseline -0.001 -13"><span class='ocrx_word' id='word_1_220' title='bbox 125 2318 356 2361; x_wconf 90' lang='lat' dir='ltr'>Lentulum</span> <span class='ocrx_word' id='word_1_221' title='bbox 387 2320 433 2361; x_wconf 93' lang='lat' dir='ltr'>in</span> <span class='ocrx_word' id='word_1_222' title='bbox 455 2334 664 2362; x_wconf 87' lang='lat' dir='ltr'>carcerem</span> <span class='ocrx_word' id='word_1_223' title='bbox 694 2318 874 2368; x_wconf 88' lang='lat' dir='ltr'>deducit,</span> <span class='ocrx_word' id='word_1_224' title='bbox 907 2318 1017 2359; x_wconf 87' lang='lat' dir='ltr'>idem</span> <span class='ocrx_word' id='word_1_225' title='bbox 1048 2318 1098 2358; x_wconf 90' lang='lat' dir='ltr'>fit</span> <span class='ocrx_word' id='word_1_226' title='bbox 1129 2319 1280 2359; x_wconf 86' lang='lat' dir='ltr'>ceteris</span> <span class='ocrx_word' id='word_1_227' title='bbox 1312 2332 1388 2372; x_wconf 88' lang='lat' dir='ltr'>per</span> <span class='ocrx_word' id='word_1_228' title='bbox 1412 2321 1641 2373; x_wconf 85' lang='lat' dir='ltr'>praetores.</span> 
     </span>
     <span class='ocr_line' id='line_1_32' title="bbox 127 2385 1642 2443; baseline 0 -14"><span class='ocrx_word' id='word_1_229' title='bbox 127 2388 206 2430; x_wconf 87' lang='lat' dir='ltr'>Est</span> <span class='ocrx_word' id='word_1_230' title='bbox 235 2388 281 2429; x_wconf 89' lang='lat' dir='ltr'>in</span> <span class='ocrx_word' id='word_1_231' title='bbox 311 2401 479 2430; x_wconf 88' lang='lat' dir='ltr'>carcere</span> <span class='ocrx_word' id='word_1_232' title='bbox 510 2387 643 2439; x_wconf 82' lang='lat' dir='ltr'>loeus,</span> <span class='ocrx_word' id='word_1_233' title='bbox 674 2387 785 2442; x_wconf 90' lang='lat' dir='ltr'>quod</span> <span class='ocrx_word' id='word_1_234' title='bbox 822 2385 1068 2427; x_wconf 83' lang='lat' dir='ltr'>Tullianum</span> <span class='ocrx_word' id='word_1_235' title='bbox 1099 2385 1353 2442; x_wconf 87' lang='lat' dir='ltr'>appellatur.</span> <span class='ocrx_word' id='word_1_236' title='bbox 1403 2411 1452 2417; x_wconf 96' lang='lat'><strong>—</strong></span> <span class='ocrx_word' id='word_1_237' title='bbox 1501 2385 1546 2443; x_wconf 86' lang='lat'>5)</span> <span class='ocrx_word' id='word_1_238' title='bbox 1589 2386 1642 2429; x_wconf 93' lang='lat' dir='ltr'>In</span> 
     </span>
     <span class='ocr_line' id='line_1_33' title="bbox 129 2454 1641 2512; baseline -0.001 -14"><span class='ocrx_word' id='word_1_239' title='bbox 129 2471 226 2499; x_wconf 89' lang='lat' dir='ltr'>eum</span> <span class='ocrx_word' id='word_1_240' title='bbox 258 2457 400 2498; x_wconf 90' lang='lat' dir='ltr'>locum</span> <span class='ocrx_word' id='word_1_241' title='bbox 430 2458 657 2512; x_wconf 87' lang='lat' dir='ltr'>postquam</span> <span class='ocrx_word' id='word_1_242' title='bbox 689 2456 895 2498; x_wconf 88' lang='lat' dir='ltr'>demissus</span> <span class='ocrx_word' id='word_1_243' title='bbox 925 2456 989 2497; x_wconf 87' lang='lat' dir='ltr'>est</span> <span class='ocrx_word' id='word_1_244' title='bbox 1020 2454 1239 2507; x_wconf 86' lang='lat' dir='ltr'>Lentulus,</span> <span class='ocrx_word' id='word_1_245' title='bbox 1284 2456 1470 2498; x_wconf 89' lang='lat' dir='ltr'>vindices</span> <span class='ocrx_word' id='word_1_246' title='bbox 1499 2470 1641 2498; x_wconf 91' lang='lat' dir='ltr'>rerum</span> 
     </span>
     <span class='ocr_line' id='line_1_34' title="bbox 128 2523 1641 2581; baseline 0 -14"><span class='ocrx_word' id='word_1_247' title='bbox 128 2525 379 2581; x_wconf 87' lang='lat' dir='ltr'>capitalium</span> <span class='ocrx_word' id='word_1_248' title='bbox 425 2525 581 2581; x_wconf 91' lang='lat' dir='ltr'>quibus</span> <span class='ocrx_word' id='word_1_249' title='bbox 628 2525 902 2580; x_wconf 90' lang='lat' dir='ltr'>praeceptum</span> <span class='ocrx_word' id='word_1_250' title='bbox 947 2524 1039 2565; x_wconf 89' lang='lat' dir='ltr'>erat</span> <span class='ocrx_word' id='word_1_251' title='bbox 1079 2524 1232 2579; x_wconf 90' lang='lat' dir='ltr'>laqueo</span> <span class='ocrx_word' id='word_1_252' title='bbox 1277 2524 1422 2580; x_wconf 85' lang='lat' dir='ltr'>gulam</span> <span class='ocrx_word' id='word_1_253' title='bbox 1464 2523 1641 2580; x_wconf 85' lang='lat' dir='ltr'>fregere.</span> 
     </span>
     <span class='ocr_line' id='line_1_35' title="bbox 128 2591 1645 2649; baseline 0.001 -14"><span class='ocrx_word' id='word_1_254' title='bbox 128 2593 196 2635; x_wconf 86' lang='lat' dir='ltr'>Ita</span> <span class='ocrx_word' id='word_1_255' title='bbox 225 2593 298 2636; x_wconf 89' lang='lat' dir='ltr'>ille</span> <span class='ocrx_word' id='word_1_256' title='bbox 329 2594 535 2648; x_wconf 88' lang='lat' dir='ltr'>patricius</span> <span class='ocrx_word' id='word_1_257' title='bbox 565 2608 616 2636; x_wconf 89' lang='lat' dir='ltr'>ex</span> <span class='ocrx_word' id='word_1_258' title='bbox 646 2595 772 2648; x_wconf 88' lang='lat' dir='ltr'>gente</span> <span class='ocrx_word' id='word_1_259' title='bbox 802 2593 1051 2634; x_wconf 88' lang='lat' dir='ltr'>clarissuma</span> <span class='ocrx_word' id='word_1_260' title='bbox 1081 2591 1396 2643; x_wconf 87' lang='lat' dir='ltr'>Corneliorum,</span> <span class='ocrx_word' id='word_1_261' title='bbox 1439 2594 1513 2649; x_wconf 89' lang='lat' dir='ltr'>qui</span> <span class='ocrx_word' id='word_1_262' title='bbox 1543 2607 1645 2636; x_wconf 89' lang='lat' dir='ltr'>con·</span> 
     </span>
     <span class='ocr_line' id='line_1_36' title="bbox 126 2661 1643 2717; baseline 0.001 -13"><span class='ocrx_word' id='word_1_263' title='bbox 126 2663 265 2705; x_wconf 87' lang='lat' dir='ltr'>sulare</span> <span class='ocrx_word' id='word_1_264' title='bbox 296 2663 510 2717; x_wconf 90' lang='lat' dir='ltr'>inperium</span> <span class='ocrx_word' id='word_1_265' title='bbox 542 2663 702 2704; x_wconf 83' lang='lat' dir='ltr'>Romae</span> <span class='ocrx_word' id='word_1_266' title='bbox 743 2662 974 2715; x_wconf 88' lang='lat' dir='ltr'>habuerat,</span> <span class='ocrx_word' id='word_1_267' title='bbox 1013 2662 1190 2717; x_wconf 82' lang='lat' dir='ltr'>dignum</span> <span class='ocrx_word' id='word_1_268' title='bbox 1221 2662 1409 2704; x_wconf 87' lang='lat' dir='ltr'>moribus</span> <span class='ocrx_word' id='word_1_269' title='bbox 1439 2661 1643 2717; x_wconf 86' lang='lat' dir='ltr'>factisque</span> 
     </span>
     <span class='ocr_line' id='line_1_37' title="bbox 123 2719 805 2774; baseline -0.003 -2"><span class='ocrx_word' id='word_1_270' title='bbox 123 2719 214 2774; x_wconf 84' lang='lat' dir='ltr'>suis</span> <span class='ocrx_word' id='word_1_271' title='bbox 247 2731 424 2773; x_wconf 86' lang='lat' dir='ltr'>exitium</span> <span class='ocrx_word' id='word_1_272' title='bbox 458 2731 567 2773; x_wconf 88' lang='lat' dir='ltr'>vitae</span> <span class='ocrx_word' id='word_1_273' title='bbox 599 2731 805 2773; x_wconf 68' lang='lat' dir='ltr'>invenit«</span> 
     </span>
    </p>

    <p class='ocr_par' dir='ltr' id='par_1_7' title="bbox 244 2799 1644 2855">
     <span class='ocr_line' id='line_1_38' title="bbox 244 2799 1644 2855; baseline -0.001 -12"><span class='ocrx_word' id='word_1_274' title='bbox 244 2799 389 2843; x_wconf 89' lang='lat' dir='ltr'>Verba</span> <span class='ocrx_word' id='word_1_275' title='bbox 423 2800 635 2843; x_wconf 82' lang='lat' dir='ltr'>»vindices</span> <span class='ocrx_word' id='word_1_276' title='bbox 666 2814 805 2843; x_wconf 82' lang='lat' dir='ltr'>rernm</span> <span class='ocrx_word' id='word_1_277' title='bbox 838 2799 1114 2854; x_wconf 83' lang='lat' dir='ltr'>capitalium«</span> <span class='ocrx_word' id='word_1_278' title='bbox 1141 2799 1184 2840; x_wconf 89' lang='lat' dir='ltr'>in</span> <span class='ocrx_word' id='word_1_279' title='bbox 1207 2799 1328 2843; x_wconf 88' lang='lat' dir='ltr'>libris</span> <span class='ocrx_word' id='word_1_280' title='bbox 1345 2799 1644 2855; x_wconf 89' lang='lat' dir='ltr'>manuscriptis</span> 
     </span>
    </p>
   </div>
  </div>
 </body>
</html>
