1864 3042
867 112 922 157 41

132 226 261 286 qnam
297 227 411 284 inter
436 241 481 272 se
509 228 750 285 discrepare
779 227 1024 286 apparebit3
1063 228 1135 271 sed
1165 227 1367 284 quoniam
1394 226 1508 269 tanti
1537 240 1629 269 am-

135 295 251 340 bitus
278 295 581 341 scrutationem
608 298 777 342 institui
805 313 871 342 res
899 299 992 355 ipsa
1019 299 1149 349 vetat,
1178 298 1226 341 in
1254 297 1307 341 iis
1326 297 1494 340 tantum
1514 295 1631 349 locis,

136 380 243 422 quos
267 367 395 424 'infra
429 360 659 411 tractaturi
694 382 860 420 sumus,
904 367 1124 412 occasione
1162 368 1307 411 oblata
1335 367 1382 410 in
1410 366 1519 409 hanc
1547 379 1636 409 rem

135 434 410 491 inquiremus.
471 436 563 487 Qua
605 438 649 479 in
677 452 722 480 re
761 452 784 480 e
823 437 992 493 scriptis
1033 436 1205 493 quidem
1236 436 1380 479 Severi
1422 449 1510 478 non
1553 433 1638 476 nisi

136 498 238 565 libri
266 520 292 549 a
320 507 467 550 mundi
495 508 668 551 exordio
697 508 950 565 respiciendi
980 510 1116 559 erunt,
1131 561 1133 563 V
1147 508 1307 567 quippe
1338 507 1412 564 qui
1436 506 1510 548 uni
1532 518 1639 562 puro

137 575 320 630 quodam
349 578 478 633 atque
502 577 720 633 splendido
750 591 945 621 sermone
974 577 1247 634 praecellant,
1278 591 1373 620 cum
1392 576 1436 618 in
1457 575 1640 631 dialogis

137 643 195 686 et·
217 645 307 687 vita
342 644 543 697 Martini,
591 647 746 702 quibus
787 648 834 690 in
877 648 997 691 libris
1036 646 1215 690 Severus
1256 646 1452 689 homines
1492 644 1640 687 doctos

136 713 278 757 minus
320 717 531 773 spectasse
562 716 756 768 videtur,
801 717 892 773 ipse
933 733 977 761 se
1018 717 1275 760 soloecismis
1304 731 1394 759 non
1421 716 1641 760 erubuisse

136 784 259 827 testis
287 785 344 827 sit
371 784 448 827 cfr.
479 786 698 828 exordium
727 787 839 829 vitae
868 786 927 829 M.
958 790 984 841 ξ
1015 788 1054 839 5,
1085 787 1286 842 Bernays.
1319 802 1360 842 p.
1392 786 1460 828 42.

250 853 448 898 Ceterum
478 855 682 911 exemplis
711 855 965 899 imitationis
993 856 1207 912 congestis
1237 870 1325 898 non
1355 855 1438 898 hoc
1466 855 1638 897 tantum

136 924 318 967 assecuti
347 937 503 977 sumus,
542 926 592 966 ut
620 938 704 981 qua
732 925 897 967 ratione
927 924 1158 981 Septimius
1187 926 1229 967 et
1257 923 1437 966 Severus
1465 923 1512 966 in
1543 922 1636 966 Sal-

134 993 265 1044 lustio
290 993 495 1036 inritando
525 994 680 1036 versati
699 994 785 1036 sint
804 995 1119 1049 perspiciamus,
1151 994 1288 1049 majus
1306 993 1637 1036 emolumentum

134 1060 188 1104 ad
216 1061 357 1117 ipsum
387 1062 601 1119 pertinere
631 1062 798 1105 videtur
827 1061 1087 1105 Sallustium.
1146 1061 1208 1105 Ut
1225 1062 1338 1105 enim
1359 1077 1381 1105 e
1408 1061 1513 1105 locis
1529 1060 1629 1113 illis,

135 1131 291 1188 quibus
321 1130 500 1175 Severus
528 1131 727 1174 historias
749 1131 1026 1175 Sallustianas
1055 1134 1263 1189 spectasse
1293 1131 1473 1182 videtur,
1504 1131 1638 1173 libros

134 1215 206 1244 eos
248 1201 421 1254 ineunte
466 1202 633 1245 saeculo
673 1203 825 1258 quinto
864 1217 1036 1259 prorsus
1071 1203 1262 1260 integros
1302 1202 1511 1245 exstitisse
1537 1201 1631 1245 luce

135 1271 288 1314 clarius
317 1273 515 1328 apparet,
557 1272 620 1314 ita
649 1274 825 1327 propter
853 1273 1074 1327 utriusque
1102 1273 1332 1316 imitatoris
1370 1271 1636 1328 diligentiam

135 1354 306 1399 sperare
336 1354 569 1397 possumus,
601 1340 693 1383 fore
723 1342 771 1382 ut
799 1341 844 1383 in
865 1341 1033 1398 scriptis
1054 1340 1230 1384 Sallusti
1250 1341 1481 1384 secundum
1500 1342 1636 1384 artem

133 1410 327 1452 criticam
367 1410 633 1452 recensendis
660 1408 709 1451 L.
742 1409 938 1466 Septimii
975 1413 1019 1453 et
1048 1410 1226 1466 Sulpicii
1255 1410 1398 1454 Severi
1434 1426 1513 1466 ope
1543 1412 1638 1452 uta-

135 1492 230 1521 mur
258 1479 386 1534 atque
416 1479 588 1521 auxilio.
649 1477 770 1529 Quod
800 1479 971 1535 quidem
999 1479 1062 1522 ita
1082 1479 1175 1522 fieri
1195 1479 1410 1531 nonlicet,
1441 1481 1491 1521 ut
1506 1479 1636 1522 verba

135 1546 310 1591 Sallusti
352 1548 434 1590 fide
478 1562 526 1590 ac
570 1562 776 1590 consensu
816 1549 1008 1591 codicum
1047 1550 1149 1590 satis
1179 1550 1365 1600 munita,
1408 1549 1635 1591 dummodo

135 1620 312 1676 propter
357 1633 528 1661 sensum
576 1620 619 1660 et
661 1632 785 1661 usum
835 1619 1000 1662 dicendi
1044 1619 1263 1675 scriptoris
1307 1619 1404 1664 ferri
1457 1619 1635 1676 possint,

132 1689 306 1732 illorum
334 1689 472 1744 gratia
501 1690 745 1739 mutentur;
776 1689 819 1731 id
847 1691 1017 1731 tantum
1045 1689 1154 1731 lucri
1182 1689 1374 1741 facimus,
1405 1692 1454 1731 ut
1484 1689 1636 1744 quibus

132 1759 238 1803 locis
266 1759 478 1814 scriptura
507 1758 715 1800 librorum
737 1758 1120 1814 manuscriptorum
1140 1772 1265 1800 sensu
1286 1773 1458 1815 prorsus
1479 1759 1634 1809 careat,

132 1829 194 1870 ibi
225 1843 277 1870 ex
305 1827 595 1869 imitatoribus
623 1842 764 1870 veram
794 1828 1017 1873 restituere
1051 1842 1272 1878 conemur,
1314 1830 1408 1879 aut,
1453 1829 1488 1869 si
1518 1828 1637 1869 varia

133 1897 179 1940 in
219 1896 433 1939 codicibus
473 1896 632 1938 tradita
668 1896 779 1946 sint,
828 1910 922 1939 eam
967 1896 1171 1952 eligamus
1214 1897 1437 1939 lectionem
1452 1930 1462 1949 ‚
1508 1911 1636 1953 quam

132 1966 341 2022 Septimio
385 1966 429 2007 et
457 1964 611 2007 Severo
653 1965 820 2007 collatis
861 1980 1005 2007 veram
1044 1964 1219 2007 Sallusti
1252 1980 1436 2017 ,manum
1478 1965 1636 2008 habere

133 2035 373 2085 debeamus,
405 2035 480 2076 aut
510 2034 547 2076 si
575 2034 677 2090 quid
707 2035 959 2077 insolentius
989 2035 1042 2076 ab
1074 2049 1122 2077 eo
1144 2035 1303 2077 dictum
1322 2049 1410 2078 esse
1430 2034 1633 2086 videatur,

132 2103 176 2146 id
215 2104 393 2159 propter
434 2103 590 2145 similia
617 2104 883 2145 imitatorum
913 2103 1164 2146 defendatur
1193 2105 1322 2159 atque
1353 2103 1629 2145 confirmetur

131 2171 215 2215 Sed
242 2173 506 2215 transeamus
530 2171 619 2227 jam
650 2171 702 2213 ad
731 2172 912 2228 singula.

246 2240 311 2284 Ac
343 2242 529 2298 primum
558 2241 728 2296 quidem
755 2241 871 2285 locos
900 2242 1063 2297 aliquot
1090 2244 1316 2286 tractaturi
1355 2259 1520 2296 sumus,
1562 2244 1636 2301 qui

131 2310 185 2353 ad
214 2325 284 2353 eos
313 2311 427 2367 ipsos
456 2310 637 2353 redeunt
664 2310 809 2362 libros,
839 2310 1097 2355 Vaticanum
1128 2327 1170 2354 n.
1188 2313 1301 2357 3864
1331 2316 1374 2356 et
1397 2313 1636 2358 Parisinum

132 2394 175 2422 n.
206 2379 303 2430 500,
342 2379 394 2421 de
434 2379 588 2433 quibus
629 2380 834 2421 acerrima
872 2381 1059 2422 virorum
1100 2382 1319 2424 doctorum
1349 2384 1638 2425 controversia

131 2447 268 2491 adhuc
307 2447 496 2490 nondum
543 2448 772 2505 dijudicata
810 2449 886 2491 est.
945 2447 1061 2498 Quae
1101 2463 1196 2492 cum
1235 2451 1298 2493 ita
1338 2451 1447 2504 sint,
1491 2454 1637 2495 utrum

131 2517 366 2571 sequendus
405 2517 461 2558 sit
489 2516 728 2570 Jordanus,
771 2518 845 2572 qui
888 2519 933 2559 in
962 2518 1133 2560 Hermis
1171 2520 1253 2561 vol.
1284 2521 1306 2562 I
1335 2536 1375 2576 p.
1410 2522 1637 2563 229-240

130 2585 246 2629 Vum
276 2584 573 2641 antiquissimo
599 2586 688 2641 jam
717 2587 910 2642 tempore
941 2587 1246 2643 interpolatum
1276 2603 1409 2645 eaque
1440 2591 1491 2633 de
1512 2604 1636 2633 causa

132 2655 329 2698 omnibus
357 2655 473 2706 lociS,
504 2655 659 2710 quibus
678 2655 770 2699 Vus
789 2657 832 2698 et
851 2655 938 2698 Pus
958 2657 1211 2712 discrepent,
1242 2657 1436 2701 Parisino
1466 2659 1639 2715 postha-

129 2723 315 2767 bendum
354 2737 444 2767 esse
473 2724 658 2777 censuit,
703 2739 759 2767 an
793 2723 1075 2769 Weinholdus
1104 2727 1148 2769 et
1176 2725 1402 2780 DieckiuS,
1442 2728 1516 2784 qui
1547 2743 1638 2771 sen-

127 2793 310 2837 tentiam
325 2792 503 2837 Jordani
532 2794 760 2837 novissimo
789 2794 978 2850 tempore
1006 2793 1097 2839 fere
1125 2796 1252 2838 simul
1276 2796 1637 2853 impugnaverunt

43 2909 46 2911 ,
126 2863 172 2904 ct
207 2861 466 2906 Vaticanum
506 2860 826 2919 praeferendum
869 2877 958 2907 esse
1002 2865 1244 2907 statuerunt
1286 2865 1374 2920 (ille
1421 2866 1467 2909 in
1514 2866 1621 2909 actis
