1864 3042
875 134 929 179 12

284 248 386 291 Sall.
416 248 515 304 Jug.
799 251 913 293 Dict.
944 250 1011 293 Cr.
1159 249 1166 290 Ι
1333 250 1376 293 S.
1407 251 1503 294 Sev-

175 355 213 399 4)
238 354 348 391 aetati
371 354 586 391 concederet
682 356 715 392 V
748 357 791 390 14
824 354 952 391 honori
983 356 1059 401 ejus
1087 367 1154 401 per

661 403 911 439 verecundiam
934 403 1133 440 concedens

176 449 213 493 5)
244 451 409 485 consulta
436 453 478 486 ,et
501 450 645 485 decreta
1190 450 1216 486 C
1241 450 1277 485 11
1302 451 1360 495 36,
1391 452 1413 487 6
1438 450 1484 486 de
1506 449 1661 486 Photino

151 497 274 531 omnia
301 497 458 532 rescindi
1167 509 1238 533 non
1250 502 1305 533 est
1324 498 1474 533 rescissa
1484 497 1662 533 sententia

175 543 215 588 8)
239 554 329 588 quae
339 544 402 579 ubi
413 544 550 579 tardius
565 555 646 590 pro·
1203 545 1229 579 C
1254 544 1290 579 11
1316 546 1375 586 38,
1413 547 1430 579 1
1464 547 1542 579 tum
1573 555 1659 580 vero

151 591 285 626 cedunt
298 618 306 626 .
319 617 329 627 .
345 617 366 636 .‚
383 592 510 627 statuit
521 592 646 637 quovis
1168 592 1306 633 Ariani,
1338 590 1402 627 ubi
1433 591 1509 627 doli
1532 602 1659 638 parum

152 638 262 674 modo
275 638 459 684 inceptum
476 639 646 685 perficere
1168 641 1432 685 processerant,
1472 639 1509 676 vi
1552 649 1660 686 agere

1168 687 1364 724 decernunt

183 744 299 778 neque
339 733 472 769 lenitur
508 734 646 769 animus
684 734 737 768 111
763 736 784 769 2
817 733 881 769 ubi
910 733 1051 769 animus
1080 744 1153 769 non

151 779 252 816 ferox
662 782 793 816 lenitur
817 781 879 816 cfr.
906 781 957 818 IV
983 783 1028 816 10

379 829 432 862 12.

177 875 214 919 3)
240 885 343 910 carus
368 877 607 920 acceptusque
682 876 699 910 I
725 877 771 911 20
791 876 970 920 jucundus
984 877 1152 920 acceptus
1191 876 1334 917 012,ss
1360 885 1462 912 carus
1477 875 1660 920 acceptus-

375 967 418 1002 13
660 933 728 968 que
1167 923 1326 1005 guencgr.
1347 925 1387 1004 21.
1413 923 1470 968 25,
1499 923 1531 957 1.
1557 922 1575 956 I
1600 922 1658 963 35,

422 994 430 1003 .
1195 997 1203 1005 .
1313 996 1321 1014 ,

175 1014 211 1057 1)
237 1013 331 1049 fama
357 1040 365 1048 .
386 1041 395 1049 .
420 1025 486 1060 per
502 1025 643 1049 omnem
682 1015 699 1049 Ι
718 1017 738 1048 3
765 1025 830 1059 per
843 1027 985 1050 omnem
1000 1015 1150 1049 insulam

149 1061 306 1097 Africam
321 1062 421 1096 brevi
442 1062 646 1107 divolgatur
662 1061 754 1097 fama
770 1063 808 1096 in
822 1063 936 1107 majus
949 1063 1153 1107 divulgatur

171 1108 211 1142 in
245 1108 333 1143 duas
370 1112 490 1154 partes
532 1110 643 1145 disce·
684 1109 715 1145 V
744 1110 785 1143 15
817 1111 936 1145 studio
961 1110 997 1144 in
1030 1113 1152 1154 partes

149 1154 239 1190 dunt
659 1156 848 1192 discedunt

174 1204 211 1247 2)
235 1204 334 1239 urbis
345 1204 478 1249 partim
492 1204 538 1249 vi,
558 1205 645 1240 alias
1189 1204 1215 1239 C
1240 1204 1257 1239 I
1287 1206 1344 1247 24,
1371 1206 1387 1238 l
1416 1204 1572 1240 subactis
1596 1207 1658 1240 aut

147 1251 333 1286 voluntate
347 1252 486 1296 inperio
504 1263 567 1287 suo
583 1252 644 1287 ad·
1166 1263 1230 1297 per
1244 1251 1474 1297 *deditionem
1501 1252 1659 1297 acceptis

143 1297 286 1351 jungit,
321 1299 420 1333 omni
453 1299 643 1334 Numidiae
1165 1299 1330 1345 gentibus
1355 1299 1588 1344 imperitabat

147 1348 530 1437 ιῃὸῗθὲΐῆὶξέιῗωὲτῐηίε
561 1405 643 1428 con·
1190 1393 1312 1436 0121,
1336 1394 1359 1427 4
1385 1396 1530 1437 paratus
1548 1393 1657 1429 armis

146 1440 296 1475 tendere
1165 1440 1380 1475 contendere

173 1488 209 1532 5)
247 1488 385 1524 facinus
424 1500 526 1523 suum
562 1500 643 1524 cum
692 1487 726 1522 Il
768 1489 813 1522 22
861 1488 1028 1532 reputate
1069 1497 1148 1522 cum

148 1536 269 1570 animo
294 1539 465 1580 reputans
510 1542 531 1557 θ
657 1535 784 1568 animis
808 1535 935 1569 vestris

171 1583 207 1627 6)
241 1587 378 1618 veteres
408 1582 544 1618 amicos
568 1593 642 1616 mu·
694 1581 725 1618 V
761 1582 803 1616 15
847 1581 1005 1626 singulos
1041 1592 1148 1626 quam

149 1631 293 1665 neribus
317 1631 487 1674 expleant
658 1629 822 1664 maximis
847 1629 950 1664 donis
974 1630 1091 1674 replet

171 1678 209 1723 7)
242 1688 397 1722 quorum
432 1688 474 1711 ea
506 1679 641 1721 tempe·
680 1677 696 1710 Ι
723 1677 744 1710 6
781 1677 880 1721 cujus
915 1677 1070 1710 maxime
1108 1687 1149 1710 ea
1187 1675 1213 1709 C
1239 1674 1273 1708 11
1299 1674 1357 1713 45,
1383 1673 1405 1706 8
1438 1681 1590 1715 quorum
1615 1679 1656 1704 ea

147 1728 240 1760 state
254 1726 291 1759 in
306 1728 432 1760 senatu
449 1724 642 1760 auctoritas
657 1727 869 1768 tempestate
881 1723 980 1758 domi
995 1724 1149 1768 bellique
1163 1723 1377 1767 tempestate
1384 1729 1525 1754 summa
1534 1718 1656 1753 aucto·

148 1773 314 1817 pollebat
657 1772 845 1805 consilium
871 1772 983 1805 valuit
1164 1771 1250 1804 ritas
1275 1772 1353 1804 erat
1621 1810 1628 1817 ·

171 1823 228 1854 set
250 1820 314 1854 ubi
340 1846 348 1854 .
365 1846 406 1863 ..‚
431 1821 532 1854 tanta
547 1829 641 1855 com·
680 1818 714 1852 ΙΙ
740 1820 785 1852 42
810 1821 910 1853 tanta
937 1844 945 1853 .
966 1846 973 1852 .
998 1817 1149 1853 mutatio
1187 1817 1218 1851 D
1247 1818 1279 1852 1.
1306 1818 1336 1850 1.
1361 1817 1382 1849 7
1408 1814 1531 1866 tantus
1552 1836 1561 1845 .
1584 1835 1593 1845 .
1618 1820 1656 1844 m

147 1868 300 1902 mutatio
324 1867 480 1908 incessit,
506 1869 547 1901 ut
656 1867 855 1901 animorum
883 1892 891 1900 .
916 1893 924 1901 .
957 1866 1150 1901 incesserat
1163 1866 1317 1901 cesserat
1332 1861 1440 1898 ardor
1453 1868 1653 1896 animorum

170 1961 207 2007 3)
233 1961 401 2006 quoniam
434 1972 476 1996 eo
505 1961 649 2010 miseri-h
1188 1952 1655 2000 C120,Geoquemaliven-

144 2020 247 2044 arum
273 2012 443 2043 venturus
467 2019 566 2043 eram
647 2011 649 2024 '
1163 2010 1250 2047 tum,
1276 2008 1317 2040 ut

167 2057 205 2101 7)
220 2056 440 2091 deformatus
460 2057 640 2091 aerumnis
678 2055 730 2090 111
751 2057 787 2089 ll
818 2053 1059 2090 deformatum
1072 2054 1147 2099 jam

656 2102 811 2137 lacrimis

170 2149 207 2192 9)
239 2159 437 2193 numquam
468 2161 554 2193 ergo
591 2149 640 2184 fa·
679 2150 709 2186 V
737 2152 757 2183 2
792 2159 984 2192 numquam
1022 2148 1147 2184 civitas

144 2197 246 2232 milia
270 2200 394 2232 nostra
405 2197 526 2241 quieta
544 2197 639 2232 erit?
655 2200 776 2232 nostra
803 2222 811 2231 .
840 2222 848 2231 .
876 2224 882 2230 .
917 2195 963 2230 ad
988 2197 1146 2241 requiem
1199 2201 1202 2205 “

144 2255 334 2290 semperne
379 2244 417 2278 in
465 2245 639 2290 sanguine
655 2244 810 2289 emersit,
835 2255 1030 2288 usquamne
1044 2244 1146 2279 nobis

143 2291 239 2327 ferro
264 2292 350 2337 fuga.
375 2293 601 2329 versabitur?
653 2293 795 2328 defuere
828 2292 931 2326 fletus
956 2294 1017 2326 aut
1041 2292 1147 2327 sociis

653 2341 863 2375 imminutae
896 2339 1146 2374 calamitates?

172 2385 230 2430 10)
255 2386 342 2421 laeti
366 2397 493 2432 pacem
525 2387 637 2432 agita·
675 2389 706 2423 V
724 2390 765 2422 ll
788 2398 914 2431 pacem
931 2389 1038 2430 atque
1060 2387 1146 2421 ami-

143 2434 272 2470 bamus
653 2435 776 2470 citiam
801 2434 985 2479 agitavere

169 2481 229 2525 11)
246 2481 483 2526 regnumejus
495 2480 638 2517 sceleris
677 2483 693 2518 I
718 2483 738 2516 5
763 2482 967 2517 universam
999 2480 1145 2515 domum

142 2528 200 2564 sui
221 2527 395 2574 praedam
420 2528 507 2564 fecit
653 2530 728 2574 ejus
751 2529 789 2563 in
815 2529 929 2564 scelus
960 2528 1146 2572 proprium

652 2576 828 2612 convertit

166 2625 349 2660 extorrem
375 2622 493 2668 patria
518 2622 636 2663 domo,
1184 2616 1320 2662 01130‚
1334 2615 1656 2663 Sextorrespatria

141 2671 289 2715 inopem
308 2673 345 2705 et
367 2673 557 2714 copertum
572 2670 637 2704 mi·
1160 2677 1224 2712 per
1249 2665 1375 2701 orbem
1387 2667 1564 2701 terrarum
1584 2666 1654 2702 dis-

141 2718 243 2754 seriis
267 2716 389 2752 effecit
1161 2712 1255 2760 persi
1281 2714 1477 2747 cernuntur

165 2766 226 2811 15)
258 2765 369 2801 clausi
401 2764 440 2799 in
463 2763 635 2805 tenebris,
1181 2761 1220 2797 M
1235 2761 1290 2802 16,
1314 2760 1338 2795 4
1358 2758 1511 2814 moritur
1522 2757 1653 2796 misero

136 2823 221 2849 cum
256 2823 419 2848 maerore
462 2814 499 2847 et
535 2812 634 2848 luctu
1157 2819 1288 2855 genere
1296 2807 1489 2853 languoris,
1502 2806 1646 2853 etquod

136 2862 254 2895 morte
285 2859 487 2906 graviorem
519 2859 630 2895 vitam
1155 2857 1234 2902 ipsa
1255 2857 1312 2890 est
1334 2858 1452 2890 morte
1462 2854 1644 2892 crudelius

132 2907 281 2954 exigunt
1159 2929 1168 2939 .
1191 2929 1201 2939 .
1229 2929 1237 2938 .
1262 2901 1352 2939 vivit
