1864 3042
953 139 1026 187 '35

362 257 467 303 Sall.
497 256 592 300 cat.
872 257 988 300 Dict.
1019 256 1090 300 Cr.
1393 256 1436 301 S.
1467 256 1564 302 Sev.

455 362 515 398 21.
1307 405 1310 407 ,

249 411 285 455 1)
315 419 407 455 quae
439 407 600 445 conditio
631 407 720 444 belli
764 408 784 445 1
825 408 870 445 15
920 408 1069 446 consilio
1116 410 1226 454 super
1263 407 1290 444 G
1323 408 1342 443 Ι
1372 409 1440 453 44,
1474 410 1497 445 3
1529 407 1619 445 belli
1648 418 1733 445 con·

223 456 320 494 foret
737 456 941 495 conditione
963 454 1092 505 proelii
1239 455 1394 493 ditiones

247 505 287 551 4)
298 501 723 548 maledictisincrepabat
1261 504 1300 540 M
1325 504 1383 547 22,
1407 505 1431 540 2
1454 503 1629 549 convicia,
1657 503 1733 550 qui·

1239 551 1306 587 bus
1331 575 1342 586 .
1365 577 1375 588 .
1401 577 1410 585 .
1433 550 1647 597 increpabat

249 646 287 689 a)
316 643 380 691 qui
410 595 592 681 eiiii-onis
630 643 720 680 invi-
764 639 798 679 v
834 640 880 676 16
919 639 974 675 uti
1010 638 1135 676 offlam
1171 638 1225 675 sui

224 693 322 731 diam
347 691 454 728 leniri
477 690 674 727 credebant
733 687 832 733 apud
847 686 1044 724 exercitum
1055 687 1226 723 leniretur

231 760 239 763 h
247 787 285 832 6)
308 740 658 825 ὶιιγὶᾱὶα2ἒᾷειηώ8ι
755 780 842 817 1113
867 783 1029 818 aestuare
1045 779 1224 817 desiderio
1260 779 1288 816 C
1311 779 1348 815 11
1371 779 1431 826 45,
1461 782 1483 817 5
1514 790 1648 825 magna
1671 789 1732 815 cu-

1237 838 1358 863 rarum
1369 827 1465 863 mole
1481 829 1646 863 aestuans
1664 825 1731 863 cir.

445 927 492 962 24
1237 875 1273 910 11
1297 874 1356 918 21,
1381 875 1416 910 5.
1444 876 1484 912 M
1508 874 1567 920 25,
1593 876 1612 909 1

257 973 301 1021 2)
327 972 495 1021 princeps
532 972 600 1009 fuit
631 972 718 1010 boui
754 961 790 997 ΙΙ
813 964 834 999 3
867 961 937 1008 ipsi
958 960 1069 1017 ‚duces
1092 962 1222 1010 prinoi-

225 1020 387 1058 fgciunffl
731 1021 795 1055 pes
818 1013 1025 1046 certaminis
1688 1017 1692 1027 ·

261 1069 299 1114 3)
333 1068 518 1114 plurumos
548 1068 717 1113 cujusque
1134 1106 1137 1111 ι
1261 1056 1348 1092 ΟΠ
1371 1057 1430 1100 46,
1462 1058 1484 1093 5
1509 1056 1643 1092 multos
1666 1065 1728 1091 no-

225 1116 367 1160 generis
402 1116 565 1150 homiues
604 1114 717 1149 adsci-
1238 1105 1363 1138 blhum
1394 1104 1585 1158 pluresque
1618 1114 1731 1157 popu-

224 1162 316 1207 visse
340 1161 411 1197 sibi
426 1161 569 1205 dicitur,
592 1161 716 1196 mulie·
1237 1151 1328 1204 lares
1355 1176 1364 1185 ·
1391 1177 1399 1186 .
1424 1177 1433 1186 .
1458 1150 1597 1186 allicuit
1620 1161 1659 1184 m
1673 1160 1731 1184 so-

223 1220 281 1246 res
306 1208 414 1245 etiam
446 1208 600 1253 aliquot,
630 1219 718 1253 quae
1236 1200 1416 1252 qletatem·
1458 1197 1505 1233 ad
1545 1197 1615 1233 hoc
1654 1208 1731 1232 mu·

224 1256 342 1302 primo
368 1256 525 1301 ingentis
554 1259 717 1300 sumptus
1237 1246 1342 1299 heres
1388 1255 1562 1280 novarum
1608 1254 1730 1279 rerum

224 1307 349 1348 stupro
389 1302 550 1348 corporis
589 1304 717 1338 tolera·
1236 1293 1397 1346 cupifiae,
1421 1291 1514 1346 fiqxa
1537 1291 1608 1345 Βᾷθ
1632 1294 1669 1326 et
1682 1291 1731 1345 βᾶ

224 1353 373 1394 verant,
410 1353 494 1395 post
528 1375 538 1385 .
573 1376 582 1385 .
610 1376 618 1385 .
659 1360 717 1385 aes
1237 1351 1357 1375 omma
1388 1350 1530 1393 <fumoso
1571 1349 1730 1383 mgenm,

224 1397 382 1434 alienum
415 1396 553 1443 grande
587 1396 717 1432 confla·
1237 1388 1446 1422 catervat1m
1469 1386 1518 1422 ad
1541 1396 1623 1421 eum
1646 1396 1730 1422 con-

223 1447 349 1482 verant
1126 1459 1130 1462 »
1236 1433 1396 1470 fluebant

261 1538 298 1583 5)
339 1537 525 1574 constituit
582 1536 715 1571 bellum
755 1534 790 1569 II
816 1535 858 1570 31
901 1536 1030 1569 cuncta.
1063 1536 1223 1570 extrema

223 1585 341 1623 facere
366 1588 404 1642 et
419 1587 579 1622 extrema
598 1583 714 1620 omnia
731 1584 827 1618 ratus
849 1581 1004 1627 experiri
1029 1608 1037 1617 .
1055 1608 1064 1618 .
1082 1609 1091 1618 .
1117 1581 1223 1618 desti·
1283 1612 1285 1617 .

225 1633 381 1680 experiri
732 1634 879 1666 navetat
1556 1681 1559 1685 ζ

249 1725 285 1772 1)
309 1679 578 1772 ancipit129u1210
754 1722 790 1757 ΙΙ
814 1722 860 1759 12
884 1722 1032 1769 ancipiti
1055 1721 1152 1758 malo
1259 1725 1337 1770 El,
1354 1727 1396 1762 12
1406 1725 1556 1772 ancipiti
1567 1724 1728 1772 periculo

260 1773 358 1819 quod
412 1773 625 1818 plerumque
680 1772 716 1807 in
777 1770 812 1805 II
844 1773 890 1806 23
923 1774 964 1806 ut
997 1771 1035 1805 in
1067 1771 1132 1806 tali
1162 1780 1222 1805 ne·
1260 1774 1291 1808 E
1318 1776 1354 1816 2,
1385 1776 1406 1808 2
1438 1777 1478 1809 ut
1513 1775 1726 1819 plerumque

223 1820 339 1858 atroci
361 1819 510 1866 negotio
532 1820 624 1855 solet
732 1817 830 1863 gotio
851 1817 929 1854 fieri
951 1817 1043 1853 solet
1235 1832 1279 1856 ex
1301 1820 1555 1857 maestitudine
1578 1820 1670 1857 solet

248 1913 285 1958 5)
319 1925 387 1959 pro
423 1869 588 1960 tgsspore
621 1936 631 1946 .
664 1938 674 1947 .
706 1938 714 1947 .
1259 1915 1286 1951 C
1310 1915 1328 1950 1
1361 1918 1427 1959 22,
1463 1916 1483 1950 3
1520 1924 1636 1960 neque
1667 1924 1730 1950 na-

224 1962 422 1998 exercitum
445 1963 697 2045 geinpararent
1234 1963 1334 2047 ἔιίξῖη
1359 1963 1465 2010 copia
1480 1974 1548 2008 pro
1564 1967 1728 2008 tempore

241 2056 278 2102 1)
294 2056 422 2102 quibus
434 2056 541 2092 rebus
549 2061 716 2102 permota
751 2053 805 2089 III
846 2054 888 2090 16
924 2053 1088 2091 foedatur
1118 2055 1221 2101 regni

223 2103 351 2140 civitas
385 2107 492 2150 atque
539 2105 715 2141 inmutata
729 2100 873 2137 habitus
897 2105 1004 2148 atque
1020 2103 1058 2138 in
1073 2104 1221 2139 modum

222 2150 323 2187 urbis
346 2151 455 2187 facies
478 2155 558 2187 erat
728 2149 917 2194 lugubrem
975 2150 1222 2195 funestumque

728 2196 888 2233 obducta
907 2195 1016 2234 facies
1040 2197 1196 2234 civitatis

247 2255 292 2279 ex
308 2255 448 2280 summa
458 2245 597 2282 laetitia
608 2248 716 2290 atque
753 2244 785 2281 V
811 2247 856 2280 22
880 2244 982 2280 fessis
1004 2246 1121 2281 multo
1137 2247 1220 2282 vino
1266 2256 1293 2292 0
1332 2257 1350 2291 1
1387 2259 1434 2293 24
1492 2260 1516 2293 4
1564 2257 1727 2302 compti

222 2290 385 2332 lascivia,
420 2303 512 2336 quae
547 2292 716 2328 diuturna
729 2294 836 2336 atque
879 2302 1006 2327 somno
1046 2292 1220 2334 barbaris,
1235 2303 1364 2350 longae
1398 2285 1499 2351 pa’ojg
1533 2307 1630 2343 malo
1662 2304 1728 2341 cfr·

221 2337 321 2384 quies
344 2338 536 2385 pePererat
728 2349 820 2384 quae
852 2342 1003 2384 utraque
1034 2351 1100 2385 per
1122 2340 1220 2376 laeti·
1234 2351 1270 2386 11
1295 2353 1339 2387 17
1376 2352 1398 2386 5

729 2388 817 2421 tiam
841 2387 1141 2432 securitatemque
1159 2399 1220 2432 pa·
1343 2378 1352 2398 ’

729 2433 780 2468 cis
804 2433 1072 2469 intervenerant

255 2475 293 2522 2)
325 2488 389 2514 suo
430 2477 578 2524 quisque
617 2481 715 2516 metu
752 2480 788 2516 II
811 2480 834 2516 2
865 2480 999 2528 singuli
1031 2491 1098 2528 pro
1122 2483 1220 2517 metu

221 2525 384 2570 pericula
407 2526 527 2561 metiri
729 2539 792 2564 suo

247 2571 285 2616 7)
318 2571 474 2608 demisso
506 2573 605 2609 voltu
629 2584 715 2611 voce
751 2575 804 2611 111
818 2577 864 2611 20
872 2575 1038 2612 manibus
1051 2575 1221 2621 vultuque
1261 2580 1288 2617 Ο
1312 2580 1330 2616 1
1356 2580 1423 2623 20,
1452 2581 1474 2616 7
1504 2579 1631 2617 flentes
1663 2591 1728 2627 po-

221 2618 378 2675 stib'plici
410 2620 596 2675 postulare
630 2648 639 2657 .
671 2649 679 2657 .
706 2650 714 2659 .
728 2623 949 2670 supplicibus
1220 2629 1361 2674 >pulum
1400 2629 1646 2671 obtestantur,
1682 2639 1728 2664 ne

221 2669 361 2712 coepit,
396 2677 442 2702 ne
479 2669 566 2711 quid
602 2669 648 2705 de
677 2680 715 2704 se
1236 2676 1523 2722 exploratoribus
1539 2676 1729 2712 crederent

220 2715 359 2750 temere
375 2713 574 2751 ‘crederent
1210 2735 1217 2743 ·
1238 2724 1469 2760 formidulosa
1491 2722 1729 2760 referentibus

243 2760 284 2806 8)
323 2760 533 2806 obmewre
580 2773 716 2807 omnes,
752 2764 788 2799 11
812 2766 859 2800 24
890 2774 1014 2800 omnes
1046 2764 1108 2809 qui
1140 2763 1222 2799 ade-

219 2805 365 2859 hestem
387 2809 493 2854 atque
517 2809 715 2854 paricidam
730 2815 812 2847 rant
834 2812 1033 2857 inquietum
1066 2822 1109 2846 ac
1133 2810 1224 2846 sedi-

220 2856 350 2893 vo'eare
375 2874 419 2881 —
457 2855 594 2892 deinde
612 2868 650 2892 se
674 2869 716 2894 ex
731 2859 861 2895 tiosum
876 2858 1127 2895 Antimachum
1143 2870 1224 2903 pro·

218 2902 320 2940 oux-ia
341 2902 492 2941 domum
512 2903 695 2950 proripuit
733 2906 939 2943 nuntiantes
951 2905 1080 2943 ecuria
1088 2906 1224 2952 ejeoere

703 2986 705 2988 .
1353 2966 1407 3003 48
