1864 3042
897 93 954 136 42

162 207 352 252 societat.
376 207 536 266 philol.
567 206 682 265 Lips.
718 209 822 251 tom.
852 207 874 251 Ι
912 206 1011 252 fasc.
1042 207 1087 251 ΙΙ
1126 223 1166 265 p.
1203 208 1281 252 185
1295 208 1454 262 -241,
1499 208 1568 254 hic
1621 209 1669 254 in
1748 215 1758 222 ‘

159 276 457 321 dissertatione
485 278 731 334 inaugurali
757 277 937 321 Halensi
970 278 1097 336 1872)
1128 293 1179 321 ex
1209 279 1498 322 imitatoribus
1532 279 1699 325 Sallu--

163 346 315 390 stianis
342 348 581 390 discernere
612 347 875 390 conabimur.
1623 405 1627 408 ι

279 417 425 459 Primo
455 417 626 472 quidem
643 431 768 472 quem
785 418 1009 460 tractaturi
1027 431 1171 460 sumus
1186 418 1294 470 loco,
1326 432 1377 460 ex
1397 417 1675 476 historiarum

165 486 288 529 libris
316 486 555 542 desumpto,
584 487 658 541 qui
698 487 810 542 quod
840 487 886 529 in
914 474 978 529 Po
1008 486 1163 529 desunt
1191 486 1313 530 valde
1342 484 1571 530 dolendum
1599 488 1679 545 est,

163 571 252 598 non
280 556 324 598 id
354 556 499 611 agitur
528 557 577 597 ut
606 556 710 598 vitia
735 557 1000 612 virtutesque
1019 556 1077 599 Vi
1106 559 1149 599 et
1169 556 1218 599 Pi
1251 556 1573 612 perpendamus,
1604 556 1680 609 sed

163 626 214 667 ut
252 625 489 667 imitatores
528 623 808 667 Sallustianos
836 624 893 667 Vi
933 625 1217 680 patrocinium
1255 625 1466 681 suscipere
1507 625 1553 668 in
1593 625 1676 669 hac

159 695 250 749 jam
280 694 584 750 disputationis
613 695 784 737 nostrae
817 695 939 750 parte
968 694 1318 737 demonstremus.

736 841 849 883 Hist.
882 842 903 883 1
932 842 1001 894 48,
1037 842 1100 883 11.

280 951 508 1006 Philippus
549 951 681 994 animi
721 952 991 994 affectionem
1029 951 1181 1007 Lepidi
1224 950 1454 994 describit:
1506 952 1676 1008 »agitur

163 1019 276 1062 enim
308 1033 356 1062 ac
385 1020 596 1062 laceratur
625 1021 758 1062 animi
789 1021 987 1076 cupidine
1018 1022 1060 1062 et
1099 1034 1307 1064 noxarum
1347 1022 1486 1073 metu,
1526 1034 1676 1076 expers

162 1089 328 1143 consili,
358 1090 536 1144 inquies,
567 1090 672 1132 haec
703 1092 831 1144 atque
860 1090 937 1132 illa
965 1092 1193 1145 temptam,
1223 1090 1378 1132 metuit
1407 1090 1555 1140 otium,
1584 1090 1676 1132 odit

161 1157 336 1209 bellum,
366 1158 470 1200 luxu
499 1159 629 1214 atque
659 1159 835 1202 licentia
864 1159 1092 1202 carendum
1122 1159 1239 1202 videt
1267 1181 1321 1190 —
1342 1160 1471 1215 atque
1500 1159 1674 1202 interim

161 1227 356 1269 abutitur
386 1228 530 1269 vostra
558 1228 793 1270 socordia«

277 1293 539 1338 Weinholdo
579 1294 674 1352 (cfr.
705 1310 746 1351 p.
778 1296 879 1349 220)
920 1295 1148 1338 lectionem
1176 1294 1234 1338 Vi
1280 1295 1477 1351 ›agitur‹
1521 1288 1672 1346 contra

159 1365 413 1420 scripturam
446 1364 672 1419 ›angitur‹
703 1379 867 1407 summo
898 1364 1039 1408 studio
1068 1364 1314 1408 defendenti
1344 1378 1440 1408 cum
1460 1378 1510 1407 eo
1530 1378 1673 1407 assen-

159 1433 315 1484 timur,
358 1432 471 1488 quod
514 1433 639 1475 nobis
679 1447 848 1491 quoque
883 1433 1077 1488 »agitur«
1110 1434 1284 1489 gravius
1315 1433 1476 1475 dictum
1504 1434 1672 1476 videtur

161 1515 290 1556 quam
337 1502 591 1557 »angitur«,
647 1503 740 1543 tum
784 1502 1010 1557 praecique
1025 1533 1035 1552 ‚
1093 1502 1207 1558 quod
1232 1493 1484 1558 ‘Septimius
1531 1501 1672 1546 locum

160 1569 352 1612 imitatus

360 1637 426 1680 111
456 1638 482 1680 3
516 1638 604 1680 »ira
633 1639 825 1680 concitus
854 1639 1064 1681 exclamat
1085 1663 1138 1669 —
1160 1638 1257 1681 dein
1280 1639 1410 1681 animi
1436 1638 1672 1693 jactatione

389 1707 555 1749 saucius
595 1706 677 1750 huc
720 1709 849 1763 atque
889 1707 993 1750 illuc
1032 1707 1236 1749 oberrans
1265 1706 1481 1749 interdum
1509 1708 1670 1760 tamen,

390 1779 600 1831 quatenus
658 1777 871 1833 praesenti
924 1777 1097 1833 negotio
1151 1776 1355 1819 utendum
1405 1778 1516 1819 esset
1570 1790 1672 1819 con-

388 1846 571 1888 sultare«

158 1913 264 1956 illud
304 1915 500 1970 »agitur«
543 1930 619 1970 per
653 1914 914 1969 jactatione«
958 1915 1002 1956 et
1029 1914 1207 1956 verbum
1248 1914 1461 1956 laceratur
1489 1929 1566 1971 per
1598 1915 1672 1958 ad-

155 1983 360 2038 jectivum
393 1984 610 2025 »saucius«
633 1983 846 2038 exprimit.
908 1982 1104 2025 Ceterum
1118 1983 1229 2024 idem
1246 1983 1318 2024 ille
1333 1984 1463 2025 verbo
1488 1998 1669 2040 ›agere‹

158 2053 289 2095 simili
328 2067 454 2096 sensu
495 2053 557 2094 ita
584 2054 633 2094 ut
670 2053 782 2095 idem
814 2052 903 2095 fere
933 2052 1147 2107 significet
1175 2053 1303 2107 atque
1335 2053 1570 2095 »excitare«
1603 2053 1670 2098 vel

161 2121 468 2177 ›proturbare‹
517 2121 653 2163 utitur
693 2121 715 2162 I
757 2121 780 2163 7
825 2121 1008 2177 »praeda
1053 2123 1181 2175 atque
1220 2120 1399 2163 libidine
1438 2123 1670 2165 transversi

157 2191 423 2245 agebantur«
456 2190 477 2232 I
494 2191 545 2231 21
583 2192 725 2231 »metu
757 2192 884 2244 atque
910 2190 1193 2231 haesitatione
1214 2189 1402 2231 diversus
1418 2190 1667 2245 agebatur«.

157 2258 310 2313 Neque
340 2259 481 2300 minus
511 2259 660 2313 aptum
691 2258 802 2312 quod
834 2258 1041 2300 adiciatur
1058 2257 1204 2299 Severi
1235 2257 1473 2313 exemplum
1498 2258 1669 2303 videtur

159 2328 192 2372 C
220 2328 241 2371 I
272 2329 311 2379 8,
344 2329 395 2370 2«
431 2330 587 2384 agente
618 2327 778 2370 invidia
808 2328 861 2369 ab
893 2328 1044 2370 incolis
1075 2327 1291 2383 pellitur«.

272 2398 371 2441 Jam
417 2398 468 2440 de
511 2398 616 2440 locis
658 2398 845 2452 aliquot,
891 2398 963 2452 qui
1002 2397 1049 2439 in
1080 2395 1148 2439 Vo
1188 2397 1232 2439 et
1261 2395 1323 2437 Po
1362 2397 1476 2439 varie
1520 2396 1669 2441 traditi

157 2470 271 2522 sunt,
297 2467 502 2524 judicium
531 2465 772 2510 faciendum
802 2466 896 2509 erit.
955 2465 1144 2516 Quorum
1174 2465 1334 2521 primus
1362 2466 1449 2508 est:

787 2602 876 2646 Cat.
909 2603 978 2655 20,
1010 2603 1050 2645 6.

273 2711 461 2756 Catilina
489 2713 564 2756 ubi
597 2714 834 2770 conjuratis
865 2713 1043 2770 aperuit,
1074 2726 1118 2755 se
1147 2712 1306 2756 virtute
1335 2713 1379 2755 et
1408 2712 1491 2756 fide
1522 2726 1669 2757 eorum
1716 2746 1719 2747 ν

158 2781 316 2825 fretum
360 2784 512 2824 contra
554 2782 891 2826 dominationem
933 2784 1149 2825 certamen
1187 2781 1294 2824 inire
1332 2783 1534 2824 conatum
1564 2796 1668 2837 esse,

153 2852 393 2896 orationem
420 2851 673 2895 continuat:

1855 1782 1864 2140 1.4„*„-..a.ae-—-<‘-v-2vw-—-
1857 1620 1864 1771 “vm-*⁷*
1858 1535 1864 1606 ’.ψ-
1862 1441 1864 1461 ,ξ
