1864 3042
903 88 958 130 49

166 204 424 260 comparatis
452 215 548 245 oum
579 202 638 243 eis
669 214 777 254 quae
808 202 853 242 in
885 203 1100 243 codicibus
1130 201 1304 244 Sallusti
1335 204 1493 257 scripta
1523 203 1673 257 legun-

89 300 92 303 *
166 271 256 323 tu'r,
297 272 460 330 nullum
491 270 630 311 locum
662 265 923 323 invenimus,
968 270 1071 324 quin
1104 265 1169 316 Vi,
1188 270 1397 324 scriptura
1427 282 1503 325 per
1532 271 1674 312 imita-

165 344 281 384 tores
317 341 414 382 illos
453 339 791 381 confirmaretur.
853 337 1049 393 Optimos
1086 353 1185 380 vero
1228 339 1402 380 Sallusti
1448 340 1581 381 libros
1620 340 1671 381 ad

166 424 339 453 manum
368 410 420 451 iis
450 408 579 449 fuisse
611 407 662 449 de
681 406 889 462 Septimio
906 407 1055 449 saltem
1083 406 1368 450 illustrissimo
1383 408 1672 451 demonstrare

167 492 388 534 possumus
416 475 622 529 exemplo.

795 584 884 625 cat.
916 586 985 632 49,
1019 587 1038 624 1
1048 617 1056 625 .

281 693 474 748 Scriptor
501 693 575 734 ubi
603 693 794 734 narravit
810 707 917 747 quae
949 693 1241 746 conjuratione
1258 690 1468 735 Catilinae
1498 691 1667 737 detecta

168 763 215 803 in
259 763 408 803 senatu
447 762 542 802 acta
583 762 724 802 essent
754 759 969 802 Ciceronis
1013 761 1199 801 consulis
1240 761 1383 802 laudes
1423 761 1490 802 his
1520 762 1671 803 inserit

168 830 321 880 verbis,
353 830 496 884 qualia
525 831 571 870 iu
602 829 773 884 optimis
812 829 931 870 libris
972 828 1038 883 (P.
1064 828 1128 884 C.)
1167 829 1381 884 leguntur,
1419 830 1671 883 quibuscum

169 888 398 940 deteriores
438 911 609 952 prorsus
647 897 944 948 consentiunt,
992 896 1074 937 nisi
1116 897 1228 950 quod
1268 897 1395 938 trium
1439 898 1671 939 substanti-

169 980 332 1019 vorum,
362 979 470 1018 quae
500 965 656 1005 iterata
683 965 893 1019 particula
925 979 1112 1018 »neque«
1145 979 1220 1018 per
1244 966 1554 1019 polysyndeton
1574 980 1673 1007 con-

166 1035 417 1090 junguntur,
448 1033 637 1076 ordinem
668 1035 1021 1075 immutaverunt:

286 1101 386 1143 »Set
429 1102 584 1160 eisdem
627 1103 889 1156 temporibus
926 1101 974 1149 Q.
1016 1101 1191 1142 Catulus
1236 1105 1278 1142 et
1321 1102 1365 1142 C.
1400 1102 1494 1144 Piso
1534 1118 1671 1158 neque

171 1172 367 1227 precibus
404 1185 542 1226 neque
580 1171 719 1226 gratia
748 1185 884 1226 neque
915 1170 1057 1226 precio
1089 1169 1333 1214 Ciceronem
1363 1171 1568 1227 inpellere
1598 1187 1673 1229 po-

169 1242 311 1290 tuere,
353 1240 415 1279 uti
456 1253 532 1292 per
562 1239 815 1293 Allobroges
853 1240 927 1278 aut
966 1252 1041 1292 per
1071 1239 1201 1278 alium
1231 1239 1412 1279 indicem
1444 1239 1486 1280 C.
1520 1240 1672 1281 Caesar

170 1307 278 1349 falso
309 1307 643 1349 nominaretur.«

284 1374 382 1417 Jam
414 1389 545 1415 unum
577 1389 629 1416 ex
659 1374 796 1415 tribus
826 1374 910 1415 illis
940 1375 1215 1416 substantivis
1247 1375 1482 1428 »precibus,
1519 1378 1671 1430 gratia,

171 1444 339 1499 precio»
384 1444 559 1498 propter
598 1443 869 1484 immutatum
909 1444 955 1484 in
985 1443 1198 1484 codicibus
1227 1443 1414 1484 ordinem
1447 1444 1672 1486 verborum

119 1564 122 1567 Ι
170 1513 434 1569 glossematis
464 1501 744 1568 suspicionem
774 1525 944 1554 movere
961 1511 1201 1554 Dietschius
1232 1512 1276 1553 in
1306 1515 1528 1554 comment.
1557 1527 1596 1567 p.
1618 1513 1670 1554 65

169 1582 401 1623 rectissime
441 1581 670 1635 judicavit;
731 1580 841 1621 idem
896 1582 945 1621 ut
999 1580 1247 1635 »precibus«
1293 1581 1462 1634 ejiceret
1512 1581 1673 1623 duabus

169 1650 387 1705 permotus
414 1650 478 1691 est
505 1649 652 1691 causis.
710 1647 856 1703 Neque
887 1649 1000 1691 enim
1031 1648 1182 1703 effugit
1208 1649 1342 1690 virum
1364 1648 1666 1701 doctissimum,

170 1717 284 1771 quod
326 1717 540 1770 ›gratiae‹
584 1717 676 1770 ipsa
716 1730 816 1757 voce
859 1718 1105 1770 »precibus«
1150 1717 1443 1766 continentur,
1484 1721 1527 1758 et
1567 1720 1668 1758 satis

168 1784 313 1825 multis
366 1784 599 1825 illustravit
644 1783 848 1838 exemplis
894 1783 1139 1826 Sallustium
1184 1783 1288 1825 illud
1340 1785 1529 1839 »gratia«
1583 1800 1670 1827 non

167 1852 423 1906 conjungere
463 1852 596 1894 solere
638 1853 718 1893 nisi
749 1866 843 1893 cum
878 1853 1153 1893 substantivis
1195 1853 1433 1906 »precium«
1466 1856 1541 1894 aut
1573 1868 1671 1908 »pe-

166 1919 317 1961 cunia«
355 1919 432 1961 cfr.
465 1919 555 1962 Cat.
589 1921 657 1970 52,
689 1921 757 1972 23,
798 1919 898 1974 Jug.
930 1922 995 1971 16,
1030 1924 1066 1963 1.
1127 1920 1196 1972 27,
1229 1922 1266 1960 2.
1328 1921 1396 1971 29,
1431 1921 1470 1961 3.
1529 1922 1598 1973 35,
1631 1924 1670 1963 8.

166 1987 317 2042 Neque
371 1990 528 2031 temere
573 2004 668 2031 eum
712 1990 852 2031 locum
896 1990 1128 2031 correxisse
1174 1990 1294 2030 testis
1339 1992 1381 2030 et
1425 1989 1667 2044 Septimius,

165 2057 286 2111 cujus
314 2058 456 2100 locum

392 2127 413 2168 I
458 2128 508 2169 18
556 2142 659 2182 »per
702 2128 813 2169 idem
865 2129 1032 2182 tempus
1074 2127 1227 2182 Lycius
1270 2127 1488 2183 Sarpedon
1534 2143 1669 2183 neque

393 2196 531 2249 pretio
562 2210 699 2258 neque
729 2197 866 2249 gratia
897 2195 1105 2247 Phalidis‚
1147 2196 1413 2238 Sidoniorum
1443 2198 1563 2250 regis,
1605 2198 1671 2238 in—

391 2263 461 2306 lici
492 2256 640 2320 quivit,
675 2264 738 2306 uti
769 2265 1013 2307 societatem
1042 2265 1217 2307 militiae
1249 2267 1417 2307 nostrae
1447 2265 1667 2307 adversum

162 2351 164 2353 ·
391 2331 598 2387 Trojanos
628 2335 902 2387 sequeretur«

157 2400 248 2449 jam
279 2398 426 2440 attulit
454 2399 789 2444 Wiedemannus
821 2402 867 2443 in
898 2401 1051 2444 Philol.
1085 2403 1165 2443 vol.
1197 2401 1298 2444 XIX
1328 2417 1368 2457 p.
1389 2403 1468 2444 155
1500 2410 1543 2444 et
1570 2402 1667 2444 Jor-

160 2464 294 2507 danus
338 2467 382 2507 in
426 2469 611 2511 editione
662 2484 737 2511 sua
788 2470 927 2511 denuo
979 2471 1241 2525 perscripsit.
1316 2470 1391 2512 Cui
1437 2471 1663 2511 imitationi

159 2534 319 2574 certum
350 2534 556 2578 Prisciani
585 2537 624 2579 X
653 2553 693 2592 p.
727 2538 810 2580 539
841 2537 1009 2594 (Hertz)
1039 2538 1200 2581 accedit
1238 2538 1530 2580 testimonium
1563 2539 1659 2580 »sed

157 2613 293 2655 neque
324 2604 463 2657 pretio
495 2619 632 2659 neque
664 2607 801 2661 gratia
830 2606 979 2662 inpelli
1010 2606 1190 2661 quivit«.
1251 2605 1331 2655 Qui
1353 2620 1448 2648 cum
1469 2605 1521 2647 ad
1536 2620 1659 2647 usum

156 2668 336 2724 perfecti
367 2672 536 2725 »quivi«
558 2674 934 2717 demonstrandum
956 2675 1097 2717 locum
1113 2674 1287 2717 Sallusti
1304 2674 1516 2726 adtulerit,
1548 2674 1661 2728 quod

155 2736 294 2779 facere
336 2739 375 2780 ei
415 2753 502 2782 non
543 2742 751 2795 licuisset,
793 2744 828 2786 si
866 2745 911 2785 in
954 2758 1027 2785 suo
1058 2744 1167 2785 libro
1202 2746 1427 2798 »potuere«
1459 2742 1664 2798 scriptum

157 2806 345 2860 legisset,
387 2822 565 2862 cumque
597 2811 808 2854 Mercerus
847 2813 919 2866 qui
964 2812 1232 2866 ephemerida
1273 2811 1438 2865 Dictyis
1474 2811 1605 2852 edidit
1641 2825 1663 2852 e

1348 2883 1369 2916 5
