1864 3042
937 52 994 96 22

335 164 435 210 Sall.
466 167 566 224 Jug.
600 193 608 197 -
832 167 943 212 Dict.
975 167 1043 211 Cr.
1367 166 1409 210 S.
1441 165 1535 210 Sev.

187 271 399 320 obtestatur,
423 274 477 310 uti
491 275 681 321 aliquando
1204 274 1425 318 obtestatur,
1463 272 1609 309 mitiora
1642 272 1698 311 uti

188 321 259 356 eibi
287 349 295 357 .
315 348 323 357 .
350 347 359 357 .
383 323 583 367 provideat,
608 335 682 357 om·
1204 323 1442 361 consulerent,
1468 321 1606 356 clausos
1630 347 1639 356 .
1657 345 1667 356 .
1685 346 1696 356 .

190 368 295 403 nibus
309 370 454 414 proeliis
467 381 543 405 sese
557 370 681 411 victos,
1200 371 1277 415 jam
1302 369 1496 415 septimum
1519 378 1696 405 mensem-

189 426 317 461 agrum
342 420 520 452 vastatum
544 421 603 452 cet
1202 429 1330 462 agere,
1387 442 1395 450 .
1447 441 1456 449 .
1497 441 1507 451 .
1558 416 1701 451 nullam

1203 476 1302 511 spem
1329 490 1337 499 .
1365 489 1373 498 .
1397 462 1475 498 dari
1500 465 1559 500 cet

211 507 249 552 4)
291 519 416 544 eorum
456 512 494 546 et
532 512 683 547 aliorum
719 514 819 550 1120
835 523 986 559 quorum
1001 511 1187 547 eonsilium

189 556 379 591 consilium
403 557 514 593 habet
700 562 824 596 haberi
849 561 994 596 solitum
1019 562 1096 594 erat

213 604 251 646 5)
291 615 335 639 ex
367 605 495 640 consili
534 605 683 642 decreto
721 609 776 644 14
794 620 837 643 ex
850 607 988 644 consilii
1012 606 1188 641 sententia

188 661 256 696 per
278 651 419 697 legatos
440 653 582 698 inperat
701 659 862 702 legantur
897 656 961 690 cfr.
999 654 1015 687 I
1058 657 1099 698 4,
1130 655 1188 689 14.

410 747 455 782 63
700 705 733 738 11
758 706 792 749 6,
817 703 867 740 1v
894 704 949 742 18,
973 701 1021 735 22

216 793 251 838 1)
275 805 342 838 per
363 794 461 829 idem
486 798 629 841 tempus
720 800 737 834 I
763 802 796 839 3,
825 799 877 833 18.
909 798 945 832 II
973 798 1026 840 10,
1054 797 1109 839 11,
1132 795 1188 839 15,
1250 790 1311 825 01
1336 791 1369 832 6,
1399 794 1429 826 1.
1454 788 1523 831 17,
1549 791 1579 824 1.
1602 791 1695 833 111,

705 848 756 885 18,
783 847 841 890 28,
866 846 911 880 35
937 844 996 878 cet
1204 840 1237 880 9,
1269 838 1286 872 Ι
1312 840 1369 883 17,
1402 839 1436 879 3,
1465 835 1483 870 I
1507 838 1565 882 37,
1590 839 1611 873 3
1635 839 1696 873 cet

215 886 254 932 3)
278 887 329 924 ita
353 888 447 925 inter
467 890 554 925 artie
570 889 682 926 bonas
736 893 785 929 IV
825 895 847 928 9
887 891 947 938 qui
986 889 1024 924 in
1062 888 1189 934 primis

188 935 372 981 integrum
384 938 568 983 ingenium
582 939 682 974 brevi
697 941 870 986 pueritiae
884 940 985 975 annis
998 948 1079 972 cum
1091 948 1188 972 vere-

189 983 348 1019 ssdolevit
698 989 827 1024 cundia
843 999 885 1022 ac
899 986 1090 1032 probitate,
1112 988 1187 1019 tum

699 1063 707 1071 .
734 1062 743 1071 .
771 1061 779 1069 .
804 1035 1033 1071 adolescebat

213 1077 250 1122 6)
287 1080 408 1113 tamen
438 1079 468 1113 ie
501 1079 546 1114 ad
569 1080 608 1114 id
632 1080 683 1115 lo·
1227 1076 1253 1112 C
1287 1076 1323 1111 Π
1360 1077 1425 1120 37,
1471 1076 1491 1109 2
1535 1077 1697 1112 ceterum

191 1135 317 1160 eorum
340 1127 423 1160 talis
440 1126 496 1161 vir
513 1138 597 1161 nam
616 1139 680 1172 po·
1203 1127 1309 1159 antea
1342 1124 1531 1168 innocens,
1570 1127 1696 1168 postea

186 1174 266 1207 ntea
290 1173 487 1208 ambitione
510 1186 683 1220 praeceps
1202 1171 1417 1217 depravatus

188 1219 294 1255 datus
319 1223 374 1255 est

412 1269 470 1304 64.

228 1314 264 1356 5)
301 1326 417 1359 neque
464 1315 561 1350 facto
608 1316 682 1350 ullo
719 1319 751 1356 V
766 1319 983 1354 151acerare
1002 1320 1190 1361 utrumque

188 1371 306 1407 neque
330 1362 430 1397 dioto
454 1363 635 1399 abstinere
697 1377 820 1411 regem
860 1376 976 1411 neque
1009 1365 1190 1400 abstinere

697 1414 899 1450 maledictis

411 1457 456 1492 67
462 1483 470 1491 .

214 1502 250 1547 3)
275 1503 359 1548 quia
387 1503 442 1539 illi
467 1531 476 1539 .
501 1531 510 1539 .
537 1530 545 1539 .
569 1504 684 1548 turpis
721 1508 771 1545 IV
799 1509 841 1543 15
869 1509 1011 1551 turpem
1037 1515 1190 1548 namque

188 1550 265 1585 vita
285 1552 428 1594 integra
451 1551 548 1586 fama
565 1552 685 1595 potior
699 1567 739 1590 ac
755 1555 1006 1589 detestandam
1022 1553 1105 1587 viris
1122 1553 1189 1585 for·

189 1595 267 1638 fuit,
292 1597 467 1642 inprobus
499 1599 683 1634 intestabi-
699 1603 799 1637 tibus
849 1597 1094 1636 conditionem
1137 1609 1187 1632 ee-

187 1643 302 1689 lifique
325 1645 466 1681 videtur
699 1652 836 1687 uectae.
854 1645 1190 1683 contraimbellibus

411 1741 457 1775 68
699 1696 898 1742 optabilem

216 1786 251 1830 1)
276 1798 295 1822 e
320 1790 511 1832 conspectu
536 1788 614 1823 abit
723 1789 753 1825 V
766 1791 786 1823 3
802 1800 839 1823 se
854 1788 981 1822 abiree
996 1788 1191 1830 conspeetu

699 1836 763 1871 osr.
788 1835 820 1871 V
847 1835 904 1877 16,
928 1834 977 1870 VI
1005 1833 1048 1868 10
1574 1872 1581 1880 ⁵

212 1881 328 1916 ultum
352 1881 404 1916 ire
421 1882 567 1927 injurias
588 1881 684 1916 festi-
721 1884 756 1918 II
774 1885 818 1918 37
843 1883 959 1917 ultum
975 1882 1028 1915 ire
1043 1880 1191 1925 cupiens
1229 1873 1256 1909 C
1280 1873 1315 1908 ῙῙ
1341 1876 1375 1915 4,
1400 1876 1421 1909 2
1446 1874 1558 1908 ultum
1571 1884 1623 1907 Ire
1647 1871 1698 1908 fa·

186 1931 251 1963 nat
700 1931 845 1975 injuriae
870 1930 934 1963 cfr.
960 1928 1021 1967 VI,
1048 1930 1064 1961 1
1206 1922 1494 1966 cinu'scupientes
1506 1921 1695 1963 csr.144,5

213 1977 250 2019 3)
287 1976 419 2011 milites
450 1977 527 2021 jam
564 1976 684 2011 omnia
721 1978 773 2012 111
795 1980 837 2013 13
861 1974 1023 2020 (cod.P.)
1037 1974 1191 2009 abnuen-
1230 1970 1256 2004 C
1274 1969 1309 2003 II
1327 1970 1384 2013 33,
1409 1970 1431 2003 2
1456 1968 1589 2022 milites
1615 1994 1624 2003 .
1652 1993 1661 2003 .
1686 1994 1695 2003 .

189 2023 386 2058 abnuentes
699 2027 796 2060 tibus
816 2025 893 2070 jam
919 2022 1081 2058 barbarie
1206 2017 1400 2052 abnuentes
1428 2040 1436 2049 .
1463 2044 1468 2049 .
1497 2040 1506 2048 .
1521 2015 1695 2051 reiciebat

216 2118 248 2163 1)
274 2118 326 2153 uti
336 2117 682 2163 eratres,Metellum
720 2119 755 2153 II
776 2121 815 2154 ll
833 2121 931 2154 ratus
946 2119 986 2152 ut
1004 2116 1189 2162 negotium
1230 2110 1255 2146 C
1280 2111 1298 2145 Ι
1315 2112 1349 2149 3,
1375 2112 1395 2145 3
1421 2111 1520 2145 ratus
1544 2106 1583 2145 id
1600 2109 1698 2155 quod

188 2175 264 2200 ease
288 2166 357 2200 rati
698 2169 775 2202 erat
1206 2161 1284 2193 erat
1558 2204 1565 2212 ⁸

209 2223 293 2248 cum
305 2224 437 2258 magno
446 2212 577 2259 gaudio
588 2213 683 2248 obvii
1229 2206 1255 2241 C
1273 2206 1290 2239 I
1309 2206 1366 2245 31,
1392 2205 1413 2239 5
1439 2207 1606 2259 certatim
1633 2230 1642 2239 .
1661 2231 1668 2237 .
1690 2231 1698 2240 .

187 2261 391 2308 procedunt
1206 2264 1285 2289 cum
1301 2251 1429 2294 gaudio
1440 2252 1585 2288 obviam
1596 2263 1700 2288 ruere

204 2309 240 2354 2)
253 2308 538 2355 volguseffusum
548 2308 683 2354 oppido
720 2307 756 2343 11
783 2310 825 2344 32
853 2305 954 2342 effusi
977 2305 1092 2351 portis
1674 2347 1681 2354 .

209 2358 247 2402 3)
266 2357 392 2392 civitas
404 2360 535 2392 cuncta
547 2368 684 2402 poenae
860 2397 865 2402 ι
1229 2348 1256 2384 C
1289 2347 1307 2382 I
1340 2347 1374 2388 5,
1408 2349 1431 2383 4
1456 2345 1701 2402 Sodoma-‹11-

187 2407 250 2440 aut
273 2405 430 2449 praedae
454 2404 522 2440 fuit
1205 2398 1309 2478 {egita
1339 2395 1493 2440 praedae
1534 2394 1699 2430 hostibus

1220 2455 1254 2478 ιιι

226 2498 264 2543 4)
299 2499 418 2544 jussus
466 2510 487 2534 a
534 2497 682 2532 Metello
1228 2490 1254 2524 C
1280 2489 1396 2544 1149,
1429 2491 1450 2525 8
1477 2489 1598 2534 jussus
1620 2499 1702 2524 eau-

183 2557 344 2583 oaueeam
353 2546 682 2590 dicere,postquam
1204 2548 1282 2573 eam
1319 2536 1439 2573 dicere
1452 2564 1460 2580 ,
1509 2538 1701 2591 postquam

184 2605 261 2630 sese
278 2605 407 2640 parum
426 2596 604 2638 expurgat
625 2619 631 2625 .
648 2619 656 2628 .
675 2620 682 2627 .
1204 2597 1241 2640 se
1255 2595 1381 2630 parum
1398 2584 1634 2638 expurgabat,
1648 2594 1702 2619 m-

185 2642 305 2688 capite
330 2652 464 2686 poenas
488 2641 596 2676 solvit
1204 2633 1337 2714 diffnue
1363 2656 1371 2664 .
1391 2657 1400 2666 .
1417 2659 1425 2667 .
1449 2633 1702 2677 pronuntiatus

1203 2691 1241 2714 ee

207 2782 244 2827 2)
284 2792 329 2817 ex
365 2792 438 2827 quo
473 2779 528 2816 illi
563 2778 680 2826 gloria
1223 2772 1249 2808 G
1263 2772 1298 2807 11
1316 2772 1372 2816 13,
1397 2771 1439 2806 12
1455 2781 1498 2806 ex
1510 2780 1554 2806 eo
1566 2769 1686 2807 carior

1805 309 1864 328 Α.

179 2840 335 2877 opesque
357 2829 526 2866 inventae
588 2841 593 2849 ·
1197 2819 1414 2866 summisque
1438 2845 1446 2855 .
1464 2844 1474 2854 .
1501 2845 1511 2855 .
1534 2817 1703 2871 donatus?
1757 2872 1779 2883 ⁴
1846 2823 1855 2834 '⁷
