1864 3042
81 2524 84 2526 ’
152 2515 262 2562 guine
286 2515 420 2550 civium
443 2510 570 2546 ulcisci
590 2521 649 2545 ne·
664 2536 672 2544 .

901 38 957 84 16

309 144 412 200 Sall.
441 145 472 194 J
471 163 544 206 ug.
823 151 936 196 Dict.
968 152 1035 195 Cr.

125 260 132 265 ·
199 249 239 305 β)
273 249 518 289 Adherbalem
548 263 670 289 excru-
708 255 740 293 V
766 256 811 291 12
835 255 1063 302 Deiphobum
1097 283 1106 292 .
1134 282 1143 292 .
1170 282 1181 292 .

174 300 311 352 emtum
326 302 441 353 ,necat
684 314 823 339 summo
846 305 1006 340 cruciatu
1030 306 1137 342 necat

198 346 253 399 uti
276 346 588 401 quisqueprmatie
607 347 669 382 ob·
706 350 724 385 I
751 353 795 386 19
816 351 871 386 uti
899 351 1056 396 quidque
1079 351 1181 386 malo

175 402 254 428 vius
277 393 598 476 fueratbgnterficit
686 397 1183 441 obviamfuerat‚vaetabatnr

204 486 238 530 1)
274 486 408 532 quippe
441 487 498 523 cui
523 513 532 523 .
560 514 569 523 .
594 515 602 523 .

175 533 296 570 animo
323 534 488 570 haeserat

200 582 237 627 2)
261 581 375 627 recipi
399 581 587 618 moenibus

635 488 670 522 in
707 490 758 527 IV
786 492 802 525 1
830 490 964 537 quippe
995 493 1073 538 quis
1107 494 1180 529 ani-

687 548 744 572 mo
757 537 810 573 ita
818 537 987 575 haeserat
1001 540 1065 576 cfr.
1076 541 1124 579 IV
1138 543 1180 576 13

197 674 234 720 4)
269 685 421 720 quorum
456 676 670 711 auctoritate

173 733 264 767 quae
295 722 502 767 deliquisset
532 723 671 759 munita

170 768 248 805 fore
271 771 442 815 sperabat

196 909 234 954 5)
245 909 376 946 namin
389 909 536 944 consule
544 911 667 944 nostro

171 958 306 992 multae
346 957 532 1000 bonaeque
573 958 667 990 artes

169 1003 282 1039 animi
305 1006 343 1037 et
367 1003 528 1048 corporis
553 1005 667 1043 erant,

170 1062 257 1096 quae
274 1051 390 1086 omnis
402 1050 553 1087 avaritia
566 1061 667 1094 prae-

169 1098 342 1144 pediebat

213 1156 300 1190 quae
349 1143 467 1179 omnis
515 1143 666 1180 avaritia
702 1141 719 1176 Ι
747 1143 791 1176 10
821 1152 928 1187 quem
957 1142 1171 1181 desiderium

168 1191 427 1275 pEraeRediebat
518 1241 553 1274 tr
679 1192 849 1272 alrggtod.
865 1215 873 1224 .
891 1216 899 1224 .
912 1193 1171 1274 praepsediebat

493 1249 517 1272 n
651 1257 664 1263 -
755 1260 763 1270 .

168 1250 436 1368 rimffgssumtgz
449 1249 492 1273 co
554 1249 576 1273 a
604 1249 649 1283 pe
678 1248 962 1320 firmisgggsus
978 1244 1172 1310 mortuma

193 1382 227 1425 1)
245 1380 384 1416 animus
392 1389 500 1425 aeger
514 1378 664 1414 avaritia

166 1426 270 1465 facile
296 1437 489 1464 conversus
514 1428 569 1461 est

191 1570 229 1615 2)
263 1581 285 1605 a
316 1569 413 1603 bono
438 1567 660 1612 honestoque
696 1565 786 1600 1123
805 1565 934 1602 abono
946 1566 1166 1611 honestoque

203 1644 211 1652 .
239 1642 246 1650 .
271 1616 473 1651 abstractus
497 1617 552 1650 eat
674 1613 787 1658 elapsi

189 1711 223 1756 1)
258 1722 323 1756 per
354 1710 471 1745 omnis
500 1709 598 1745 locos
624 1711 659 1743 et
698 1707 728 1743 V
744 1707 780 1742 11
805 1719 866 1743 ore
881 1709 1039 1744 omnium
1055 1628 1176 1755 agita-l

162 1761 359 1796 conventus
384 1757 429 1793 de
452 1756 548 1792 facto
573 1767 656 1792 con-
673 1755 779 1790 batur

163 1807 249 1843 nulia
274 1805 405 1851 agitari

206 1854 244 1898 2)
284 1855 410 1888 auctor
457 1853 494 1886 et
541 1851 656 1886 socius
694 1848 785 1883 1131
805 1849 896 1885 duce
907 1851 1012 1894 atque
1021 1852 1165 1885 auctore

159 1900 302 1938 Bestiae
326 1899 508 1935 serebatur
671 1895 810 1931 Achille

193 1948 230 1994 3)
263 1947 359 1982 inter
390 1945 655 1982 dubitationem
693 1943 768 1978 121
795 1944 890 1978 inter
901 1946 1040 1979 tantam
1053 1944 1162 1980 animi

159 1998 198 2032 et
219 2006 341 2031 morae
365 1995 507 2029 senatus
670 1991 931 2027 dubitationem

184 2089 222 2134 2)
238 2100 346 2134 quam
358 2087 463 2123 foede
475 2098 652 2132 quamque
691 2085 723 2121 V
736 2086 781 2119 12
795 2085 899 2120 foede
911 2087 1017 2129 atque
1029 2085 1161 2120 inultos

157 2137 264 2174 inulti
286 2135 461 2183 perierint
666 2132 925 2168 obtruncavere

182 2185 221 2229 ὅ)
257 2194 382 2219 verum
420 2182 460 2217 id
496 2207 505 2216 .
528 2204 538 2214 .
565 2206 575 2216 .
615 2180 651 2214 in
690 2180 795 2215 1121
831 2184 952 2215 cetera
981 2179 1019 2214 in
1052 2191 1160 2215 manu

157 2233 281 2269 vostra
305 2241 414 2265 manu
439 2228 549 2263 situm
574 2229 630 2262 est
666 2229 783 2262 vestra
806 2226 875 2262 sita
900 2228 984 2261 sunt

180 2278 217 2325 6)
256 2280 383 2314 contra
414 2275 561 2323 injurias
596 2285 651 2310 ar—
688 2273 724 2310 II
740 2276 784 2310 12
798 2274 927 2310 armati
939 2275 1025 2310 eunt
1035 2275 1160 2311 contra

153 2326 244 2363 mati
267 2326 358 2361 eutis

174 2376 318 2410 suomet
341 2370 412 2418 ipsi
426 2380 529 2406 more
548 2380 649 2415 prae·
689 2367 739 2404 VI
764 2369 810 2403 10
835 2367 915 2403 cod.
939 2367 980 2403 P.
1004 2367 1080 2403 sive
1096 2367 1159 2403 do-

152 2421 281 2467 cipitee
305 2422 390 2455 eant
665 2416 740 2451 lore
761 2426 934 2460 praeceps
958 2415 1041 2450 ierit

174 2468 212 2513 8)
245 2465 420 2513 quidquid
459 2464 535 2499 eine
570 2474 648 2498 san·
686 2463 722 2497 ΙΙ
753 2465 798 2498 21
832 2473 1054 2506 consequens
1090 2461 1158 2496 fuit

697 2536 707 2545 .
734 2535 743 2545 .
768 2520 834 2555 per
857 2510 932 2545 vim
947 2512 1157 2554 extorquere

663 2557 759 2601 quod
808 2557 923 2592 amice
971 2557 1157 2601 impetrari

151 2564 284 2608 quitur,
305 2562 386 2607 jure
410 2560 547 2595 factum
571 2558 618 2593 sit

662 2603 847 2648 nequitum
873 2605 928 2638 est

178 2653 238 2701 10)
262 2664 377 2700 neque
409 2663 488 2698 eos,
520 2651 582 2697 qui
606 2662 648 2687 ea

147 2701 276 2747 fecere,
293 2702 407 2748 pudet
415 2703 477 2737 aut
486 2699 648 2746 paenitet

185 2795 246 2843 11)
282 2795 378 2835 servi
411 2806 495 2834 aere
528 2793 647 2843 parati
681 2792 719 2830 11
735 2794 780 2831 22
802 2791 997 2832 dolendam
1008 2790 1154 2834 hercule

1359 153 1407 198 S.
1432 153 1529 200 Sev-

1216 583 1247 618 D
1269 582 1321 618 III
1336 581 1393 625 12,
1423 584 1439 618 1
1461 581 1577 628 recipi
1587 592 1687 618 moe-

1193 631 1297 664 nibus

1217 677 1242 712 C
1257 676 1291 711 ΙΙ
1306 678 1364 722 47,
1377 675 1402 711 4
1417 675 1487 711 rati
1501 675 1686 721 nimirum,

1192 724 1222 759 si
1238 724 1422 760 hominem
1439 735 1559 759 acrem
1569 723 1686 759 etcal-

1192 772 1305 807 lidum
1330 771 1543 807 sacerdotali
1564 774 1686 806 aucto·

1190 819 1298 853 ritate
1310 821 1520 860 armassent,
1533 817 1684 853 tutiores

1190 864 1266 901 sore
1290 875 1367 900 eeee

1211 912 1243 946 D
1259 911 1311 947 ΙΙΙ
1336 913 1394 956 11,
1420 913 1438 946 1
1458 910 1571 946 fertur
1587 910 1683 946 enim

1187 959 1247 992 ille
1273 959 1329 993 vir
1352 957 1475 992 multia
1509 957 1683 1001 bonisque

1187 1006 1326 1041 actibus
1350 1003 1534 1050 praeditus
1557 1004 1684 1040 adver-

1186 1065 1244 1088 sus
1255 1052 1443 1089 avaritiam
1456 1062 1584 1097 parum
1597 1062 1681 1087 con—

1186 1100 1335 1135 suluisse

1207 1383 1234 1418 c
1264 1383 1300 1418 11
1334 1384 1398 1429 18,
1441 1385 1462 1419 3
1503 1382 1677 1419 sollicitus

1182 1433 1303 1466 tamen
1362 1431 1457 1475 regis
1526 1430 1677 1475 animus,

1182 1489 1289 1523 aeger
1309 1478 1469 1523 avaritia,
1494 1476 1599 1513 facile
1619 1489 1676 1513 eu-

1181 1529 1325 1571 peratus
1349 1529 1404 1562 est

1202 1855 1238 1890 M
1264 1858 1298 1897 6,
1323 1857 1345 1890 4
1369 1859 1493 1892 auctor
1516 1860 1553 1893 et
1575 1857 1671 1903 prin-

1177 1915 1262 1948 ceps
1285 1904 1498 1941 Arianorum

1195 2648 1221 2685 C
1250 2650 1280 2685 1.
1308 2650 1362 2687 38.
1395 2652 1417 2687 6
1449 2650 1552 2698 hujus
1582 2661 1664 2688 eum

1171 2696 1256 2733 facti
1287 2710 1372 2734 mox
1401 2699 1520 2745 piguit
1543 2700 1665 2746 paeni·

1170 2744 1309 2791 tuitque
