1864 3042
938 145 967 189 '7

188 270 277 310 res,
320 272 476 301 nomen
504 259 539 308 Q
569 259 737 310 Aradii,
777 261 845 302 cui
883 261 1065 316 epistola
1093 263 1297 318 inscripta
1328 263 1404 314 est,
1447 263 1490 303 et
1518 261 1692 304 dicendi

189 343 273 384 quo
317 329 500 385 scriptor
544 331 679 372 utitur
719 344 866 385 genus.
940 330 1117 374 Aradios
1161 332 1330 386 quidem
1372 331 1477 373 duos
1521 330 1690 373 saeculo
1732 368 1735 370 Α

189 399 340 451 quarto
380 398 507 440 fuisse
539 399 703 440 Teuffel
742 400 787 439 in
830 399 979 440 histor.
1021 401 1105 440 litt.
1147 414 1254 441 rom.
1299 415 1339 454 p.
1383 400 1465 440 957
1509 398 1695 440 ostendit

189 481 326 521 neque
362 469 507 510 tamen
549 468 601 510 ad
631 468 812 510 alterum
843 482 989 510 eorum
1020 469 1246 524 epistolam
1283 468 1401 510 illam
1432 468 1575 510 datam
1605 481 1694 509 esse

188 534 506 578 demonstravit.
582 536 696 585 Quae
739 552 833 578 cum
877 538 939 578 ita
978 539 1083 589 sint,
1140 538 1244 579 mihi
1296 538 1466 592 quidem
1509 538 1554 577 in
1600 537 1693 577 tota

189 604 434 657 quaestione
462 605 730 661 dijudicanda
759 621 781 649 e
804 621 993 649 sermone
1009 606 1206 663 Septimii
1226 606 1578 662 proficiscendum
1603 618 1694 647 esse

187 672 365 714 videtur.
427 673 509 722 Qui
547 689 702 724 sermo,
747 690 769 716 e
809 675 974 717 dicendi
1005 677 1233 731 generibus
1264 690 1359 717 cum
1389 676 1570 716 aliorum
1600 677 1690 715 tum

188 739 363 783 Sallusti
393 742 624 794 confusum,
657 758 913 800 quamquam
943 759 1029 786 non
1057 747 1172 787 caret
1191 745 1242 787 iis
1274 759 1380 799 quae
1413 743 1692 799 scriptoribus

187 812 339 863 quarto
369 813 436 853 vel
466 814 615 867 quinto
645 815 809 855 saeculo
840 814 1088 856 florentibus
1119 816 1219 855 sunt
1253 813 1506 862 familiaria,
1548 814 1691 853 tamen

188 892 281 919 mea
310 880 478 934 quidem
509 882 739 932 sententia,
778 887 914 937 quam·
934 897 988 924 ne
1019 883 1125 925 fines
1155 882 1253 925 huic
1283 881 1561 937 disputationi
1591 894 1692 922 con-

188 946 361 989 stitutos
390 949 581 1003 egrediar
611 964 698 991 non
729 951 896 1005 plenius
921 965 1141 1006 exponam,
1174 966 1262 993 non
1292 953 1382 992 tam
1403 952 1594 1005 impurus
1613 950 1690 998 est,

188 1018 236 1056 ut
265 1030 361 1058 cum
392 1017 554 1060 Teuffel
581 1018 833 1074 Septimium
856 1019 1084 1062 Theodosii
1113 1020 1282 1062 demum
1312 1019 1531 1074 aequalem
1560 1017 1708 1059 fuisse-

187 1085 367 1128 credam.
433 1087 619 1129 Exeunti
658 1090 799 1130 autem
839 1089 1020 1131 secundo
1050 1089 1117 1130 vel
1157 1089 1323 1130 ineunti
1359 1089 1487 1130 tertio
1527 1086 1692 1129 saeculo

186 1154 320 1196 tribui
351 1170 446 1197 eum
479 1157 711 1198 maluerim.
771 1157 914 1212 Atque
946 1158 1051 1199 haec
1081 1157 1297 1199 hactenus.

301 1223 449 1280 Neque
491 1225 629 1267 minus
659 1227 886 1281 scriptores
924 1227 1201 1269 ecclesiastici
1229 1225 1477 1268 Sallustium
1507 1225 1690 1281 amplexi

187 1306 393 1347 usumque
430 1294 519 1348 ejus
557 1295 723 1354 dicendi
752 1296 909 1337 imitati
935 1299 1046 1337 sunt.
1107 1295 1189 1338 Sed
1219 1296 1396 1350 longum
1427 1297 1491 1336 est
1520 1295 1582 1336 ire
1614 1309 1689 1351 per

187 1361 373 1416 singula3
429 1361 510 1405 hoc
561 1378 693 1405 unum
735 1365 1182 1416 commemorabimus,
1228 1365 1271 1406 in
1318 1364 1486 1419 scriptis
1525 1362 1690 1405 Aurelii

187 1431 420 1487 Augustini
461 1436 503 1475 et
543 1434 609 1476 vel
648 1435 829 1476 maxime
868 1436 913 1476 in
952 1436 1072 1476 libris
1114 1436 1165 1477 de
1205 1435 1376 1476 civitate
1408 1435 1487 1475 Dei
1534 1434 1690 1475 multos

186 1502 300 1544 locos
331 1501 608 1545 Sallustianos
650 1504 842 1546 laudatos
885 1519 972 1546 esse
1006 1504 1100 1561 (cfr.
1128 1504 1149 1546 I
1181 1505 1219 1546 5.
1248 1504 1291 1545 II
1324 1505 1389 1545 21.
1423 1502 1486 1545 ΙΙΙ
1522 1504 1587 1553 10,
1622 1503 1688 1556 14,

190 1570 254 1623 17,
288 1573 339 1612 21
359 1572 457 1626 cet.)
489 1570 805 1627 Sulpiciumque
826 1572 1026 1615 Severum
1057 1572 1333 1628 Aquitanum‚
1366 1573 1484 1627 cujus
1520 1573 1688 1627 praeter

186 1638 317 1681 libros
331 1654 356 1681 a
373 1641 517 1682 mundi
534 1641 704 1683 exordio
722 1642 825 1683 duos
844 1667 896 1672 —-
914 1656 1039 1696 quem
1051 1657 1196 1684 verum
1213 1641 1510 1683 chronicorum
1522 1640 1691 1682 illorum

185 1707 359 1750 titulum
399 1723 484 1752 esse
514 1709 770 1764 Bernaysius
807 1711 851 1753 in
891 1711 1122 1767 appendice
1162 1711 1464 1767 disputationis
1503 1724 1601 1752 suae
1637 1709 1688 1752 de

186 1777 397 1819 chronicis
428 1778 605 1833 Sulpicii
635 1779 777 1820 Severi
806 1780 964 1834 (Berol.
998 1781 1125 1834 1861)
1157 1781 1308 1821 statuit
1339 1803 1391 1809 —
1423 1779 1510 1820 vita
1541 1777 1689 1820 Sancti

185 1846 383 1899 Martini,
425 1847 583 1902 dialogi
623 1849 709 1890 tres
749 1849 1012 1903 totidemque
1043 1849 1245 1904 epistolae
1277 1848 1400 1890 nobis
1430 1849 1688 1897 manserunt,

186 1917 234 1956 ut
283 1915 456 1957 Sallusti
495 1916 717 1971 Tacitique
760 1918 971 1958 aemulum
1016 1918 1119 1959 satis
1159 1918 1410 1958 innotuisse.
1487 1917 1688 1959 Severum

186 1986 327 2025 autem
358 1999 452 2026 cum
478 2000 601 2026 omne
634 2000 676 2027 se
706 1987 874 2040 tempus
902 1987 947 2027 in
970 1985 1216 2028 Stiliconem
1247 1987 1460 2027 consulem
1491 1986 1690 2027 direxisse

184 2053 275 2108 ipse
304 2055 484 2096 testetur
505 2053 566 2109 (G.
588 2053 630 2095 II
653 2057 691 2104 9,
715 2054 757 2109 7)
788 2055 912 2096 initio
944 2055 1083 2110 quinti
1111 2055 1263 2097 saeculi
1296 2054 1486 2096 floruisse
1508 2055 1688 2096 constat.

298 2122 393 2164 Jam
437 2137 537 2164 vero
583 2124 782 2177 quoniam
823 2124 923 2166 libri
965 2139 1092 2166 manu
1137 2124 1308 2179 scripti,
1362 2124 1517 2178 quibus
1562 2138 1691 2179 opera

185 2190 360 2233 Sallusti
388 2191 544 2233 tradita
575 2193 695 2243 sunt,
737 2192 940 2248 cujusque
970 2193 1137 2248 generis
1167 2207 1254 2234 non
1285 2192 1408 2234 modo
1439 2193 1589 2234 erratis
1619 2191 1691 2233 sed

185 2261 311 2301 etiam
342 2261 597 2316 corruptelis
623 2262 751 2315 plena
781 2263 901 2314 sunt,
939 2263 1093 2316 quibus
1122 2262 1237 2303 vitiis
1268 2262 1432 2303 accedit
1463 2260 1575 2315 quod
1606 2261 1688 2315 ipsi

184 2332 346 2375 codices
386 2332 500 2374 haud
542 2346 640 2374 raro
677 2332 858 2374 multum
889 2333 1001 2375 inter
1031 2348 1074 2375 se
1105 2333 1369 2388 discrepant;
1415 2333 1457 2373 et
1487 2332 1689 2387 quoniam

183 2401 458 2443 historiarum
488 2415 575 2442 non
605 2401 806 2443 habemus
835 2402 919 2442 nisi
948 2402 1186 2456 fragmenta
1216 2416 1348 2456 eaque
1367 2401 1417 2442 de
1438 2415 1562 2442 causa
1583 2415 1690 2455 quae

184 2468 312 2512 fuerit
354 2469 581 2512 verborum
629 2470 671 2511 et
725 2469 988 2512 locutionum
1035 2469 1209 2513 Sallusti
1255 2469 1378 2524 copia
1430 2483 1518 2510 non
1563 2469 1689 2525 plane

185 2539 481 2594 perspicimus,
521 2540 595 2593 qui
636 2540 804 2593 scriptis
844 2540 933 2594 ejus
962 2541 1007 2581 in
1037 2541 1175 2582 lucem
1206 2539 1377 2581 edendis
1409 2552 1581 2592 operam
1615 2553 1691 2580 na-

183 2610 340 2651 varunt
368 2622 643 2664 quaecunque
663 2607 920 2650 Sallustiana
949 2623 1045 2651 cum
1076 2609 1148 2651 alii
1180 2609 1407 2663 scriptores
1428 2609 1521 2648 tum
1549 2621 1692 2662 gram-

185 2677 329 2720 matici
368 2678 595 2719 memoriae
635 2677 913 2731 prodiderunt
952 2677 1139 2732 undique
1171 2690 1334 2718 summo
1366 2675 1504 2716 studio
1536 2676 1691 2717 collata

182 2747 228 2789 in
259 2761 347 2789 rem
378 2759 495 2788 suam
528 2746 842 2788 converterunt.
904 2745 1053 2802 Neque
1085 2746 1237 2788 desunt
1267 2745 1339 2800 qui
1369 2744 1484 2785 locos
1517 2743 1691 2786 Sallusti

94 2812 97 2813 ⁷
182 2815 236 2858 ad
265 2815 444 2858 aliorum
474 2815 728 2871 scriptorum
760 2829 931 2857 manum
967 2815 1271 2859 restituendam
1308 2813 1594 2856 adhibuerint.
1654 2813 1690 2856 E

179 2884 334 2941 quibus
375 2885 545 2941 praeter
588 2885 750 2927 ceteros
788 2885 1073 2929 nominandus
1117 2886 1181 2928 est
1212 2883 1297 2927 Wo
1308 2881 1515 2937 elfflinus‚
1559 2896 1686 2939 quem
