<?xml version="1.0" encoding="UTF-8"?>
<!DOCTYPE html PUBLIC "-//W3C//DTD XHTML 1.0 Transitional//EN"
    "http://www.w3.org/TR/xhtml1/DTD/xhtml1-transitional.dtd">
<html xmlns="http://www.w3.org/1999/xhtml" xml:lang="en" lang="en">
 <head>
  <title>
</title>
<meta http-equiv="Content-Type" content="text/html;charset=utf-8" />
  <meta name='ocr-system' content='tesseract 3.04.00' />
  <meta name='ocr-capabilities' content='ocr_page ocr_carea ocr_par ocr_line ocrx_word'/>
</head>
<body>
  <div class='ocr_page' id='page_1' title='image "4737844_0026.png"; bbox 0 0 1864 3042; ppageno 0'>
   <div class='ocr_carea' id='block_1_1' title="bbox 912 54 969 96">
    <p class='ocr_par' dir='ltr' id='par_1_1' title="bbox 912 54 969 96">
     <span class='ocr_line' id='line_1_1' title="bbox 912 54 969 96; baseline 0 0"><span class='ocrx_word' id='word_1_1' title='bbox 912 54 969 96; x_wconf 86' lang='lat'><strong>20</strong></span> 
     </span>
    </p>
   </div>
   <div class='ocr_carea' id='block_1_2' title="bbox 321 163 1049 222">
    <p class='ocr_par' dir='ltr' id='par_1_2' title="bbox 321 163 1049 222">
     <span class='ocr_line' id='line_1_2' title="bbox 321 163 1049 222; baseline 0.004 -14"><span class='ocrx_word' id='word_1_2' title='bbox 321 163 422 209; x_wconf 86' lang='lat' dir='ltr'><strong>Sall.</strong></span> <span class='ocrx_word' id='word_1_3' title='bbox 454 165 551 222; x_wconf 84' lang='lat' dir='ltr'><strong>Jug.</strong></span> <span class='ocrx_word' id='word_1_4' title='bbox 837 167 952 211; x_wconf 87' lang='lat' dir='ltr'><strong>Diet.</strong></span> <span class='ocrx_word' id='word_1_5' title='bbox 983 167 1049 211; x_wconf 85' lang='lat' dir='ltr'><strong>Cr.</strong></span> 
     </span>
    </p>
   </div>
   <div class='ocr_carea' id='block_1_3' title="bbox 180 269 680 683">
    <p class='ocr_par' dir='ltr' id='par_1_3' title="bbox 180 269 680 683">
     <span class='ocr_line' id='line_1_3' title="bbox 212 269 679 316; baseline 0.004 -11"><span class='ocrx_word' id='word_1_6' title='bbox 212 269 249 316; x_wconf 84' lang='lat'>5)</span> <span class='ocrx_word' id='word_1_7' title='bbox 286 281 369 306; x_wconf 85' lang='lat' dir='ltr'><strong>cum</strong></span> <span class='ocrx_word' id='word_1_8' title='bbox 405 271 552 311; x_wconf 83' lang='lat' dir='ltr'><strong>inerim</strong></span> <span class='ocrx_word' id='word_1_9' title='bbox 592 298 600 307; x_wconf 93' lang='lat'><strong><em>.</em></strong></span> <span class='ocrx_word' id='word_1_10' title='bbox 635 298 644 306; x_wconf 88' lang='lat'><strong><em>.</em></strong></span> <span class='ocrx_word' id='word_1_11' title='bbox 671 299 679 307; x_wconf 92' lang='lat'><strong>.</strong></span> 
     </span>
     <span class='ocr_line' id='line_1_4' title="bbox 182 315 679 363; baseline 0.004 -11"><span class='ocrx_word' id='word_1_12' title='bbox 182 318 422 363; x_wconf 81' lang='lat' dir='ltr'><strong>conspicatur.</strong></span> <span class='ocrx_word' id='word_1_13' title='bbox 470 315 563 354; x_wconf 86' lang='lat' dir='ltr'><strong>&#39;rimo</strong></span> <span class='ocrx_word' id='word_1_14' title='bbox 578 319 679 354; x_wconf 90' lang='lat' dir='ltr'><strong>dubi-</strong></span> 
     </span>
     <span class='ocr_line' id='line_1_5' title="bbox 182 365 680 414; baseline 0.004 -15"><span class='ocrx_word' id='word_1_15' title='bbox 182 376 226 399; x_wconf 90' lang='lat' dir='ltr'><strong>us</strong></span> <span class='ocrx_word' id='word_1_16' title='bbox 239 365 409 414; x_wconf 55' lang='lat' dir='ltr'><strong>‹flidnam</strong></span> <span class='ocrx_word' id='word_1_17' title='bbox 418 366 562 401; x_wconf 87' lang='lat' dir='ltr'><strong>insolita</strong></span> <span class='ocrx_word' id='word_1_18' title='bbox 574 366 680 402; x_wconf 83' lang='lat' dir='ltr'><strong>facies</strong></span> 
     </span>
     <span class='ocr_line' id='line_1_6' title="bbox 180 412 678 448; baseline 0.004 -2"><span class='ocrx_word' id='word_1_19' title='bbox 180 412 388 447; x_wconf 77' lang='lat' dir='ltr'><strong>ostenderet</strong></span> <span class='ocrx_word' id='word_1_20' title='bbox 416 432 455 438; x_wconf 88' lang='lat'><em>-</em></span> <span class='ocrx_word' id='word_1_21' title='bbox 484 425 567 447; x_wconf 85' lang='lat' dir='ltr'><strong>nam</strong></span> <span class='ocrx_word' id='word_1_22' title='bbox 602 441 610 448; x_wconf 92' lang='lat'><strong>.</strong></span> <span class='ocrx_word' id='word_1_23' title='bbox 637 441 645 448; x_wconf 95' lang='lat'><em>.</em></span> <span class='ocrx_word' id='word_1_24' title='bbox 671 441 678 448; x_wconf 94' lang='lat'>.</span> 
     </span>
     <span class='ocr_line' id='line_1_7' title="bbox 182 460 677 505; baseline 0.002 -11"><span class='ocrx_word' id='word_1_25' title='bbox 182 460 433 500; x_wconf 71' lang='lat' dir='ltr'>consederant,</span> <span class='ocrx_word' id='word_1_26' title='bbox 447 471 561 505; x_wconf 89' lang='lat' dir='ltr'><strong>neque</strong></span> <span class='ocrx_word' id='word_1_27' title='bbox 572 461 677 505; x_wconf 85' lang='lat' dir='ltr'><strong>plane</strong></span> 
     </span>
     <span class='ocr_line' id='line_1_8' title="bbox 183 507 678 549; baseline 0.002 -8"><span class='ocrx_word' id='word_1_28' title='bbox 183 507 318 541; x_wconf 82' lang='lat' dir='ltr'><strong>occulti</strong></span> <span class='ocrx_word' id='word_1_29' title='bbox 349 532 358 541; x_wconf 88' lang='lat'><strong>.</strong></span> <span class='ocrx_word' id='word_1_30' title='bbox 383 533 391 541; x_wconf 92' lang='lat'><strong>.</strong></span> <span class='ocrx_word' id='word_1_31' title='bbox 419 533 447 549; x_wconf 85' lang='lat'><strong>.‚</strong></span> <span class='ocrx_word' id='word_1_32' title='bbox 485 511 521 542; x_wconf 91' lang='lat' dir='ltr'><strong>et</strong></span> <span class='ocrx_word' id='word_1_33' title='bbox 557 512 678 542; x_wconf 85' lang='lat' dir='ltr'><strong>tamen</strong></span> 
     </span>
     <span class='ocr_line' id='line_1_9' title="bbox 182 552 672 598; baseline 0.006 -11"><span class='ocrx_word' id='word_1_34' title='bbox 182 552 312 588; x_wconf 78' lang='lat' dir='ltr'><strong>incerti</strong></span> <span class='ocrx_word' id='word_1_35' title='bbox 337 554 509 598; x_wconf 87' lang='lat' dir='ltr'>quidnam</span> <span class='ocrx_word' id='word_1_36' title='bbox 528 559 620 590; x_wconf 86' lang='lat' dir='ltr'><strong>esset</strong></span> <span class='ocrx_word' id='word_1_37' title='bbox 638 575 672 580; x_wconf 90' lang='lat'>—</span> 
     </span>
     <span class='ocr_line' id='line_1_10' title="bbox 181 599 678 648; baseline 0.008 -15"><span class='ocrx_word' id='word_1_38' title='bbox 181 599 267 634; x_wconf 90' lang='lat' dir='ltr'><strong>dein</strong></span> <span class='ocrx_word' id='word_1_39' title='bbox 294 626 302 635; x_wconf 91' lang='lat'><strong>.</strong></span> <span class='ocrx_word' id='word_1_40' title='bbox 329 626 339 636; x_wconf 89' lang='lat'>.</span> <span class='ocrx_word' id='word_1_41' title='bbox 371 628 379 636; x_wconf 92' lang='lat'><strong>.</strong></span> <span class='ocrx_word' id='word_1_42' title='bbox 411 602 593 647; x_wconf 81' lang='lat' dir='ltr'><strong>paulisper</strong></span> <span class='ocrx_word' id='word_1_43' title='bbox 618 613 678 648; x_wconf 85' lang='lat' dir='ltr'><strong>ag-</strong></span> 
     </span>
     <span class='ocr_line' id='line_1_11' title="bbox 180 649 476 683; baseline 0.007 -2"><span class='ocrx_word' id='word_1_44' title='bbox 180 657 264 682; x_wconf 90' lang='lat' dir='ltr'><strong>men</strong></span> <span class='ocrx_word' id='word_1_45' title='bbox 289 649 476 683; x_wconf 81' lang='lat' dir='ltr'><strong>constituit</strong></span> 
     </span>
    </p>
   </div>
   <div class='ocr_carea' id='block_1_4' title="bbox 206 692 1187 741">
    <p class='ocr_par' dir='ltr' id='par_1_4' title="bbox 206 692 1187 741">
     <span class='ocr_line' id='line_1_12' title="bbox 206 692 1187 741; baseline 0.004 -12"><span class='ocrx_word' id='word_1_46' title='bbox 206 695 242 737; x_wconf 88' lang='grc'><strong>6)</strong></span> <span class='ocrx_word' id='word_1_47' title='bbox 268 706 381 739; x_wconf 86' lang='lat' dir='ltr'><strong>pauca</strong></span> <span class='ocrx_word' id='word_1_48' title='bbox 412 707 477 740; x_wconf 89' lang='lat' dir='ltr'><strong>pro</strong></span> <span class='ocrx_word' id='word_1_49' title='bbox 515 698 678 741; x_wconf 87' lang='lat' dir='ltr'><strong>tempore</strong></span> <span class='ocrx_word' id='word_1_50' title='bbox 716 692 785 727; x_wconf 89' lang='lat'><strong>113</strong></span> <span class='ocrx_word' id='word_1_51' title='bbox 804 704 870 738; x_wconf 93' lang='lat' dir='ltr'><strong>pro</strong></span> <span class='ocrx_word' id='word_1_52' title='bbox 885 695 1046 739; x_wconf 88' lang='lat' dir='ltr'><strong>tempore</strong></span> <span class='ocrx_word' id='word_1_53' title='bbox 1061 697 1187 733; x_wconf 88' lang='lat' dir='ltr'><strong>cohor-</strong></span> 
     </span>
    </p>
   </div>
   <div class='ocr_carea' id='block_1_5' title="bbox 181 740 864 778">
    <p class='ocr_par' dir='ltr' id='par_1_5' title="bbox 181 740 864 778">
     <span class='ocr_line' id='line_1_13' title="bbox 181 740 864 778; baseline 0.001 -2"><span class='ocrx_word' id='word_1_54' title='bbox 181 742 315 777; x_wconf 84' lang='lat' dir='ltr'><strong>milites</strong></span> <span class='ocrx_word' id='word_1_55' title='bbox 340 742 504 778; x_wconf 74' lang='lat' dir='ltr'>hortatus</span> <span class='ocrx_word' id='word_1_56' title='bbox 692 740 758 774; x_wconf 78' lang='lat' dir='ltr'><strong>tati</strong></span> <span class='ocrx_word' id='word_1_57' title='bbox 783 752 864 776; x_wconf 83' lang='lat' dir='ltr'><strong>suos</strong></span> 
     </span>
    </p>
   </div>
   <div class='ocr_carea' id='block_1_6' title="bbox 398 791 457 825">
    <p class='ocr_par' dir='ltr' id='par_1_6' title="bbox 398 791 457 825">
     <span class='ocr_line' id='line_1_14' title="bbox 398 791 457 825; baseline 0 0"><span class='ocrx_word' id='word_1_58' title='bbox 398 791 457 825; x_wconf 87' lang='lat'><strong>50.</strong></span> 
     </span>
    </p>
   </div>
   <div class='ocr_carea' id='block_1_7' title="bbox 209 836 895 925">
    <p class='ocr_par' dir='ltr' id='par_1_7' title="bbox 209 836 895 925">
     <span class='ocr_line' id='line_1_15' title="bbox 209 836 610 882; baseline 0.002 -12"><span class='ocrx_word' id='word_1_59' title='bbox 209 836 243 880; x_wconf 94' lang='lat'>1)</span> <span class='ocrx_word' id='word_1_60' title='bbox 271 847 314 872; x_wconf 88' lang='lat' dir='ltr'><strong>ex</strong></span> <span class='ocrx_word' id='word_1_61' title='bbox 338 839 422 872; x_wconf 86' lang='lat' dir='ltr'><strong>anni</strong></span> <span class='ocrx_word' id='word_1_62' title='bbox 446 842 610 882; x_wconf 87' lang='lat' dir='ltr'><strong>tempore</strong></span> 
     </span>
     <span class='ocr_line' id='line_1_16' title="bbox 693 881 895 925; baseline 0.015 -11"><span class='ocrx_word' id='word_1_63' title='bbox 693 881 895 925; x_wconf 86' lang='lat' dir='ltr'><strong>patiebatur</strong></span> 
     </span>
    </p>
   </div>
   <div class='ocr_carea' id='block_1_8' title="bbox 178 975 1183 1155">
    <p class='ocr_par' dir='ltr' id='par_1_8' title="bbox 179 975 1183 1060">
     <span class='ocr_line' id='line_1_17' title="bbox 214 975 1183 1024; baseline 0.006 -14"><span class='ocrx_word' id='word_1_64' title='bbox 214 976 249 1019; x_wconf 91' lang='lat'>1)</span> <span class='ocrx_word' id='word_1_65' title='bbox 283 975 392 1011; x_wconf 84' lang='lat' dir='ltr'><strong>facies</strong></span> <span class='ocrx_word' id='word_1_66' title='bbox 417 978 529 1012; x_wconf 86' lang='lat' dir='ltr'><strong>totius</strong></span> <span class='ocrx_word' id='word_1_67' title='bbox 553 979 676 1024; x_wconf 88' lang='lat' dir='ltr'><strong>negoti</strong></span> <span class='ocrx_word' id='word_1_68' title='bbox 714 975 764 1010; x_wconf 90' lang='lat' dir='ltr'><strong>IV</strong></span> <span class='ocrx_word' id='word_1_69' title='bbox 799 976 819 1010; x_wconf 83' lang='lat'>5</span> <span class='ocrx_word' id='word_1_70' title='bbox 851 976 1068 1014; x_wconf 82' lang='lat' dir='ltr'><strong>horrendam</strong></span> <span class='ocrx_word' id='word_1_71' title='bbox 1099 980 1183 1016; x_wconf 83' lang='lat' dir='ltr'><strong>belli</strong></span> 
     </span>
     <span class='ocr_line' id='line_1_18' title="bbox 179 1022 818 1060; baseline 0 -3"><span class='ocrx_word' id='word_1_72' title='bbox 179 1023 279 1058; x_wconf 78' lang='lat' dir='ltr'><strong>varia</strong></span> <span class='ocrx_word' id='word_1_73' title='bbox 303 1024 440 1059; x_wconf 85' lang='lat' dir='ltr'><strong>incerta</strong></span> <span class='ocrx_word' id='word_1_74' title='bbox 465 1025 569 1060; x_wconf 84' lang='lat' dir='ltr'><strong>foeda</strong></span> <span class='ocrx_word' id='word_1_75' title='bbox 692 1022 818 1058; x_wconf 89' lang='lat' dir='ltr'><strong>faciem</strong></span> 
     </span>
    </p>

    <p class='ocr_par' dir='ltr' id='par_1_9' title="bbox 178 1072 675 1155">
     <span class='ocr_line' id='line_1_19' title="bbox 202 1072 675 1118; baseline 0.008 -13"><span class='ocrx_word' id='word_1_76' title='bbox 202 1081 318 1116; x_wconf 88' lang='lat' dir='ltr'><strong>neque</strong></span> <span class='ocrx_word' id='word_1_77' title='bbox 349 1072 452 1116; x_wconf 88' lang='lat' dir='ltr'><strong>signa</strong></span> <span class='ocrx_word' id='word_1_78' title='bbox 483 1083 597 1118; x_wconf 87' lang='lat' dir='ltr'><strong>neque</strong></span> <span class='ocrx_word' id='word_1_79' title='bbox 621 1084 675 1109; x_wconf 91' lang='lat' dir='ltr'><strong>or-</strong></span> 
     </span>
     <span class='ocr_line' id='line_1_20' title="bbox 178 1117 498 1155; baseline 0.006 -2"><span class='ocrx_word' id='word_1_80' title='bbox 178 1117 282 1154; x_wconf 89' lang='lat' dir='ltr'><strong>dines</strong></span> <span class='ocrx_word' id='word_1_81' title='bbox 306 1120 498 1155; x_wconf 86' lang='lat' dir='ltr'><strong>observare</strong></span> 
     </span>
    </p>
   </div>
   <div class='ocr_carea' id='block_1_9' title="bbox 177 1211 1183 1495">
    <p class='ocr_par' dir='ltr' id='par_1_10' title="bbox 177 1211 1182 1305">
     <span class='ocr_line' id='line_1_21' title="bbox 204 1211 1180 1260; baseline 0.003 -13"><span class='ocrx_word' id='word_1_82' title='bbox 204 1212 241 1257; x_wconf 82' lang='lat'>2)</span> <span class='ocrx_word' id='word_1_83' title='bbox 264 1213 385 1258; x_wconf 86' lang='lat' dir='ltr'><strong>itaque</strong></span> <span class='ocrx_word' id='word_1_84' title='bbox 417 1214 571 1249; x_wconf 89' lang='lat' dir='ltr'><strong>multum</strong></span> <span class='ocrx_word' id='word_1_85' title='bbox 604 1214 674 1250; x_wconf 89' lang='lat' dir='ltr'><strong>diei</strong></span> <span class='ocrx_word' id='word_1_86' title='bbox 712 1211 746 1246; x_wconf 92' lang='lat' dir='ltr'><strong>II</strong></span> <span class='ocrx_word' id='word_1_87' title='bbox 779 1214 801 1247; x_wconf 89' lang='lat'>4</span> <span class='ocrx_word' id='word_1_88' title='bbox 827 1213 973 1259; x_wconf 87' lang='lat' dir='ltr'><strong>jamque</strong></span> <span class='ocrx_word' id='word_1_89' title='bbox 1004 1214 1074 1249; x_wconf 89' lang='lat' dir='ltr'><strong>diei</strong></span> <span class='ocrx_word' id='word_1_90' title='bbox 1106 1216 1180 1260; x_wconf 91' lang='lat' dir='ltr'><strong>ple-</strong></span> 
     </span>
     <span class='ocr_line' id='line_1_22' title="bbox 177 1264 1182 1305; baseline 0.003 -11"><span class='ocrx_word' id='word_1_91' title='bbox 177 1264 414 1305; x_wconf 85' lang='lat' dir='ltr'><strong>processerat,</strong></span> <span class='ocrx_word' id='word_1_92' title='bbox 443 1273 524 1296; x_wconf 86' lang='lat' dir='ltr'><strong>eum</strong></span> <span class='ocrx_word' id='word_1_93' title='bbox 689 1271 836 1304; x_wconf 89' lang='lat' dir='ltr'><strong>rumque</strong></span> <span class='ocrx_word' id='word_1_94' title='bbox 852 1266 1088 1304; x_wconf 77' lang='lat' dir='ltr'><strong>processerat,</strong></span> <span class='ocrx_word' id='word_1_95' title='bbox 1101 1274 1182 1297; x_wconf 90' lang='lat' dir='ltr'><strong>cum</strong></span> 
     </span>
    </p>

    <p class='ocr_par' dir='ltr' id='par_1_11' title="bbox 177 1306 1183 1446">
     <span class='ocr_line' id='line_1_23' title="bbox 203 1306 1183 1352; baseline 0.003 -11"><span class='ocrx_word' id='word_1_96' title='bbox 203 1307 241 1351; x_wconf 90' lang='lat'><strong>3)</strong></span> <span class='ocrx_word' id='word_1_97' title='bbox 273 1309 448 1352; x_wconf 87' lang='lat' dir='ltr'><strong>paulatim</strong></span> <span class='ocrx_word' id='word_1_98' title='bbox 480 1308 614 1343; x_wconf 75' lang='lat' dir='ltr'><strong>milites</strong></span> <span class='ocrx_word' id='word_1_99' title='bbox 637 1309 673 1342; x_wconf 88' lang='lat' dir='ltr'><strong>in</strong></span> <span class='ocrx_word' id='word_1_100' title='bbox 711 1306 764 1341; x_wconf 89' lang='lat'><strong>111</strong></span> <span class='ocrx_word' id='word_1_101' title='bbox 782 1309 803 1341; x_wconf 85' lang='lat'>8</span> <span class='ocrx_word' id='word_1_102' title='bbox 822 1309 1028 1352; x_wconf 87' lang='lat' dir='ltr'><strong>supervenit</strong></span> <span class='ocrx_word' id='word_1_103' title='bbox 1045 1320 1086 1343; x_wconf 86' lang='lat' dir='ltr'><strong>ac</strong></span> <span class='ocrx_word' id='word_1_104' title='bbox 1100 1321 1183 1345; x_wconf 89' lang='lat' dir='ltr'><strong>mox</strong></span> 
     </span>
     <span class='ocr_line' id='line_1_24' title="bbox 177 1355 1181 1398; baseline 0.003 -10"><span class='ocrx_word' id='word_1_105' title='bbox 177 1365 289 1388; x_wconf 85' lang='lat' dir='ltr'><strong>unum</strong></span> <span class='ocrx_word' id='word_1_106' title='bbox 314 1355 499 1398; x_wconf 77' lang='lat' dir='ltr'><strong>conducit,</strong></span> <span class='ocrx_word' id='word_1_107' title='bbox 532 1356 674 1390; x_wconf 89' lang='lat' dir='ltr'><strong>ordines</strong></span> <span class='ocrx_word' id='word_1_108' title='bbox 689 1365 897 1389; x_wconf 81' lang='lat' dir='ltr'><strong>conversam</strong></span> <span class='ocrx_word' id='word_1_109' title='bbox 913 1367 1055 1390; x_wconf 90' lang='lat' dir='ltr'><strong>suorum</strong></span> <span class='ocrx_word' id='word_1_110' title='bbox 1069 1357 1181 1392; x_wconf 83' lang='lat' dir='ltr'><strong>aciem</strong></span> 
     </span>
     <span class='ocr_line' id='line_1_25' title="bbox 177 1402 1129 1446; baseline 0.005 -14"><span class='ocrx_word' id='word_1_111' title='bbox 177 1402 338 1436; x_wconf 78' lang='lat' dir='ltr'><strong>restituit</strong></span> <span class='ocrx_word' id='word_1_112' title='bbox 363 1406 422 1436; x_wconf 80' lang='lat' dir='ltr'><strong>cet,</strong></span> <span class='ocrx_word' id='word_1_113' title='bbox 690 1412 754 1444; x_wconf 89' lang='lat' dir='ltr'><strong>pro</strong></span> <span class='ocrx_word' id='word_1_114' title='bbox 780 1405 945 1446; x_wconf 84' lang='lat' dir='ltr'><strong>tempore</strong></span> <span class='ocrx_word' id='word_1_115' title='bbox 969 1404 1129 1437; x_wconf 82' lang='lat' dir='ltr'><strong>restituit</strong></span> 
     </span>
    </p>

    <p class='ocr_par' dir='ltr' id='par_1_12' title="bbox 218 1447 1183 1495">
     <span class='ocr_line' id='line_1_26' title="bbox 218 1447 1183 1495; baseline 0.003 -13"><span class='ocrx_word' id='word_1_116' title='bbox 218 1447 254 1492; x_wconf 86' lang='lat'>5)</span> <span class='ocrx_word' id='word_1_117' title='bbox 297 1449 488 1483; x_wconf 88' lang='lat' dir='ltr'><strong>circumire</strong></span> <span class='ocrx_word' id='word_1_118' title='bbox 525 1448 673 1493; x_wconf 84' lang='lat' dir='ltr'><strong>hortari,</strong></span> <span class='ocrx_word' id='word_1_119' title='bbox 712 1447 764 1480; x_wconf 90' lang='lat'><strong>111</strong></span> <span class='ocrx_word' id='word_1_120' title='bbox 782 1449 803 1482; x_wconf 85' lang='grc'>8</span> <span class='ocrx_word' id='word_1_121' title='bbox 822 1449 872 1483; x_wconf 84' lang='lat' dir='ltr'><strong>ita</strong></span> <span class='ocrx_word' id='word_1_122' title='bbox 889 1450 1091 1493; x_wconf 85' lang='lat' dir='ltr'><strong>praesentia</strong></span> <span class='ocrx_word' id='word_1_123' title='bbox 1109 1451 1183 1495; x_wconf 89' lang='lat' dir='ltr'><strong>ejus</strong></span> 
     </span>
    </p>
   </div>
   <div class='ocr_carea' id='block_1_10' title="bbox 178 1494 1183 1542">
    <p class='ocr_par' dir='ltr' id='par_1_13' title="bbox 178 1494 1183 1542">
     <span class='ocr_line' id='line_1_27' title="bbox 178 1494 1183 1542; baseline 0.003 -13"><span class='ocrx_word' id='word_1_124' title='bbox 178 1505 351 1530; x_wconf 86' lang='lat' dir='ltr'><strong>renovare</strong></span> <span class='ocrx_word' id='word_1_125' title='bbox 361 1497 539 1541; x_wconf 90' lang='lat' dir='ltr'><strong>proelium</strong></span> <span class='ocrx_word' id='word_1_126' title='bbox 553 1497 673 1541; x_wconf 85' lang='lat' dir='ltr'><strong>etipse</strong></span> <span class='ocrx_word' id='word_1_127' title='bbox 689 1494 798 1529; x_wconf 83' lang='lat' dir='ltr'><strong>animi</strong></span> <span class='ocrx_word' id='word_1_128' title='bbox 825 1497 997 1531; x_wconf 85' lang='lat' dir='ltr'><strong>tolluntur</strong></span> <span class='ocrx_word' id='word_1_129' title='bbox 1021 1500 1059 1532; x_wconf 87' lang='lat' dir='ltr'><strong>et</strong></span> <span class='ocrx_word' id='word_1_130' title='bbox 1081 1509 1183 1542; x_wconf 88' lang='lat' dir='ltr'><strong>proe-</strong></span> 
     </span>
    </p>
   </div>
   <div class='ocr_carea' id='block_1_11' title="bbox 177 1542 1182 2056">
    <p class='ocr_par' dir='ltr' id='par_1_14' title="bbox 177 1542 1182 2056">
     <span class='ocr_line' id='line_1_28' title="bbox 177 1542 1182 1588; baseline 0.004 -13"><span class='ocrx_word' id='word_1_131' title='bbox 177 1551 260 1576; x_wconf 88' lang='lat' dir='ltr'><strong>cum</strong></span> <span class='ocrx_word' id='word_1_132' title='bbox 301 1543 449 1578; x_wconf 88' lang='lat' dir='ltr'><strong>delectis</strong></span> <span class='ocrx_word' id='word_1_133' title='bbox 498 1547 673 1588; x_wconf 86' lang='lat' dir='ltr'><strong>temptare</strong></span> <span class='ocrx_word' id='word_1_134' title='bbox 693 1542 778 1575; x_wconf 77' lang='lat' dir='ltr'><strong>lium</strong></span> <span class='ocrx_word' id='word_1_135' title='bbox 793 1543 1005 1579; x_wconf 84' lang='lat' dir='ltr'><strong>incenditur.</strong></span> <span class='ocrx_word' id='word_1_136' title='bbox 1034 1548 1110 1578; x_wconf 90' lang='lat' dir='ltr'><strong>tum</strong></span> <span class='ocrx_word' id='word_1_137' title='bbox 1124 1557 1182 1580; x_wconf 89' lang='lat' dir='ltr'><strong>ve-</strong></span> 
     </span>
     <span class='ocr_line' id='line_1_29' title="bbox 179 1589 1182 1635; baseline 0.003 -12"><span class='ocrx_word' id='word_1_138' title='bbox 179 1589 321 1624; x_wconf 91' lang='lat' dir='ltr'><strong>omnia:</strong></span> <span class='ocrx_word' id='word_1_139' title='bbox 361 1591 550 1625; x_wconf 90' lang='lat' dir='ltr'><strong>subvenire</strong></span> <span class='ocrx_word' id='word_1_140' title='bbox 590 1591 673 1629; x_wconf 76' lang='lat' dir='ltr'><strong>suis,</strong></span> <span class='ocrx_word' id='word_1_141' title='bbox 692 1600 730 1623; x_wconf 83' lang='lat' dir='ltr'><strong>ro</strong></span> <span class='ocrx_word' id='word_1_142' title='bbox 755 1589 952 1635; x_wconf 86' lang='lat' dir='ltr'><strong>confligunt</strong></span> <span class='ocrx_word' id='word_1_143' title='bbox 965 1592 1070 1632; x_wconf 84' lang='lat' dir='ltr'><strong>acies,</strong></span> <span class='ocrx_word' id='word_1_144' title='bbox 1088 1604 1182 1627; x_wconf 86' lang='lat' dir='ltr'><strong>nunc</strong></span> 
     </span>
     <span class='ocr_line' id='line_1_30' title="bbox 177 1634 1177 1674; baseline 0.004 -3"><span class='ocrx_word' id='word_1_145' title='bbox 177 1634 341 1672; x_wconf 84' lang='lat' dir='ltr'><strong>hostibus</strong></span> <span class='ocrx_word' id='word_1_146' title='bbox 367 1638 484 1673; x_wconf 86' lang='lat' dir='ltr'><strong>dubiis</strong></span> <span class='ocrx_word' id='word_1_147' title='bbox 509 1638 643 1673; x_wconf 87' lang='lat' dir='ltr'><strong>instare</strong></span> <span class='ocrx_word' id='word_1_148' title='bbox 690 1636 871 1672; x_wconf 81' lang='lat' dir='ltr'><strong>hincinde</strong></span> <span class='ocrx_word' id='word_1_149' title='bbox 888 1638 1098 1674; x_wconf 85' lang='lat' dir='ltr'><strong>cedentibus</strong></span> <span class='ocrx_word' id='word_1_150' title='bbox 1131 1641 1177 1674; x_wconf 90' lang='lat' dir='ltr'><strong>in-</strong></span> 
     </span>
     <span class='ocr_line' id='line_1_31' title="bbox 688 1686 1180 1729; baseline 0.01 -13"><span class='ocrx_word' id='word_1_151' title='bbox 688 1687 822 1718; x_wconf 84' lang='lat' dir='ltr'><strong>stantes</strong></span> <span class='ocrx_word' id='word_1_152' title='bbox 849 1688 895 1729; x_wconf 90' lang='lat' dir='ltr'><strong>et,</strong></span> <span class='ocrx_word' id='word_1_153' title='bbox 920 1686 981 1720; x_wconf 93' lang='lat' dir='ltr'><strong>ubi</strong></span> <span class='ocrx_word' id='word_1_154' title='bbox 999 1687 1091 1720; x_wconf 89' lang='lat' dir='ltr'><strong>acies</strong></span> <span class='ocrx_word' id='word_1_155' title='bbox 1116 1699 1180 1721; x_wconf 90' lang='lat' dir='ltr'><strong>nu-</strong></span> 
     </span>
     <span class='ocr_line' id='line_1_32' title="bbox 687 1733 1178 1776; baseline 0.012 -13"><span class='ocrx_word' id='word_1_156' title='bbox 687 1733 847 1771; x_wconf 83' lang='lat' dir='ltr'><strong>taverat,</strong></span> <span class='ocrx_word' id='word_1_157' title='bbox 895 1733 1082 1776; x_wconf 86' lang='lat' dir='ltr'><strong>praesidiis</strong></span> <span class='ocrx_word' id='word_1_158' title='bbox 1123 1745 1178 1769; x_wconf 84' lang='lat' dir='ltr'><strong>ac—</strong></span> 
     </span>
     <span class='ocr_line' id='line_1_33' title="bbox 392 1778 913 1858; baseline 0.006 -48"><span class='ocrx_word' id='word_1_159' title='bbox 392 1823 438 1858; x_wconf 76' lang='grc'><strong>52</strong></span> <span class='ocrx_word' id='word_1_160' title='bbox 687 1778 913 1813; x_wconf 88' lang='lat' dir='ltr'><strong>currentibus</strong></span> 
     </span>
     <span class='ocr_line' id='line_1_34' title="bbox 200 1848 1180 1952; baseline 0.003 -46"><span class='ocrx_word' id='word_1_161' title='bbox 200 1870 237 1915; x_wconf 90' lang='lat'><strong>3)</strong></span> <span class='ocrx_word' id='word_1_162' title='bbox 256 1873 293 1906; x_wconf 89' lang='lat' dir='ltr'><strong>et</strong></span> <span class='ocrx_word' id='word_1_163' title='bbox 299 1871 375 1916; x_wconf 88' lang='lat' dir='ltr'><strong>jam</strong></span> <span class='ocrx_word' id='word_1_164' title='bbox 389 1848 451 1907; x_wconf 73' lang='lat' dir='ltr'><strong>die</strong></span> <span class='ocrx_word' id='word_1_165' title='bbox 458 1882 584 1917; x_wconf 85' lang='lat' dir='ltr'><strong>vesper</strong></span> <span class='ocrx_word' id='word_1_166' title='bbox 597 1876 672 1908; x_wconf 87' lang='lat' dir='ltr'><strong>erat</strong></span> <span class='ocrx_word' id='word_1_167' title='bbox 721 1870 775 1952; x_wconf 75' lang='lat' dir='ltr'><strong>HtI</strong></span> <span class='ocrx_word' id='word_1_168' title='bbox 810 1872 832 1906; x_wconf 88' lang='lat'>8</span> <span class='ocrx_word' id='word_1_169' title='bbox 873 1876 910 1908; x_wconf 91' lang='lat' dir='ltr'><strong>et</strong></span> <span class='ocrx_word' id='word_1_170' title='bbox 946 1873 1017 1909; x_wconf 89' lang='lat' dir='ltr'><strong>diei</strong></span> <span class='ocrx_word' id='word_1_171' title='bbox 1053 1885 1180 1919; x_wconf 86' lang='lat' dir='ltr'><strong>vesper</strong></span> 
     </span>
     <span class='ocr_line' id='line_1_35' title="bbox 200 1928 747 2011; baseline 0.004 -12"><span class='ocrx_word' id='word_1_172' title='bbox 200 1964 238 2009; x_wconf 86' lang='lat'>4)</span> <span class='ocrx_word' id='word_1_173' title='bbox 263 1963 332 1999; x_wconf 76' lang='lat' dir='ltr'><strong>fusi</strong></span> <span class='ocrx_word' id='word_1_174' title='bbox 357 1964 542 2011; x_wconf 85' lang='lat' dir='ltr'><strong>fugatique</strong></span> <span class='ocrx_word' id='word_1_175' title='bbox 688 1928 747 1952; x_wconf 67' lang='lat' dir='ltr'><strong>era</strong></span> 
     </span>
     <span class='ocr_line' id='line_1_36' title="bbox 688 2023 755 2056; baseline 0 -11"><span class='ocrx_word' id='word_1_176' title='bbox 688 2023 755 2056; x_wconf 90' lang='lat' dir='ltr'><strong>que</strong></span> 
     </span>
    </p>
   </div>
   <div class='ocr_carea' id='block_1_12' title="bbox 201 2058 1152 2103">
    <p class='ocr_par' dir='ltr' id='par_1_15' title="bbox 201 2058 1152 2103">
     <span class='ocr_line' id='line_1_37' title="bbox 201 2058 1152 2103; baseline 0.004 -10"><span class='ocrx_word' id='word_1_177' title='bbox 201 2058 238 2103; x_wconf 87' lang='grc'><strong>5)</strong></span> <span class='ocrx_word' id='word_1_178' title='bbox 262 2058 377 2094; x_wconf 81' lang='lat' dir='ltr'><strong>aciem</strong></span> <span class='ocrx_word' id='word_1_179' title='bbox 402 2062 552 2095; x_wconf 85' lang='lat' dir='ltr'><strong>exornat</strong></span> <span class='ocrx_word' id='word_1_180' title='bbox 709 2059 758 2096; x_wconf 93' lang='lat' dir='ltr'><strong>VI</strong></span> <span class='ocrx_word' id='word_1_181' title='bbox 782 2060 804 2094; x_wconf 89' lang='lat'>8</span> <span class='ocrx_word' id='word_1_182' title='bbox 826 2060 977 2095; x_wconf 81' lang='lat' dir='ltr'><strong>classem</strong></span> <span class='ocrx_word' id='word_1_183' title='bbox 1002 2065 1152 2097; x_wconf 87' lang='lat' dir='ltr'><strong>exornat</strong></span> 
     </span>
    </p>
   </div>
   <div class='ocr_carea' id='block_1_13' title="bbox 174 2151 1178 2340">
    <p class='ocr_par' dir='ltr' id='par_1_16' title="bbox 199 2151 1113 2198">
     <span class='ocr_line' id='line_1_38' title="bbox 199 2151 1113 2198; baseline 0.002 -10"><span class='ocrx_word' id='word_1_184' title='bbox 199 2154 235 2197; x_wconf 87' lang='lat'><strong>3)</strong></span> <span class='ocrx_word' id='word_1_185' title='bbox 261 2152 385 2197; x_wconf 82' lang='lat' dir='ltr'><strong>fugam</strong></span> <span class='ocrx_word' id='word_1_186' title='bbox 408 2153 546 2188; x_wconf 87' lang='lat' dir='ltr'><strong>faciunt</strong></span> <span class='ocrx_word' id='word_1_187' title='bbox 709 2151 759 2186; x_wconf 92' lang='lat' dir='ltr'><strong>IV</strong></span> <span class='ocrx_word' id='word_1_188' title='bbox 785 2154 805 2187; x_wconf 93' lang='lat'><strong>3</strong></span> <span class='ocrx_word' id='word_1_189' title='bbox 831 2152 952 2198; x_wconf 85' lang='lat' dir='ltr'><strong>fugam</strong></span> <span class='ocrx_word' id='word_1_190' title='bbox 977 2153 1113 2190; x_wconf 86' lang='lat' dir='ltr'><strong>faciunt</strong></span> 
     </span>
    </p>

    <p class='ocr_par' dir='ltr' id='par_1_17' title="bbox 174 2199 1177 2292">
     <span class='ocr_line' id='line_1_39' title="bbox 206 2199 1177 2246; baseline 0.003 -10"><span class='ocrx_word' id='word_1_191' title='bbox 206 2201 243 2246; x_wconf 89' lang='grc'><strong>6)</strong></span> <span class='ocrx_word' id='word_1_192' title='bbox 283 2200 450 2235; x_wconf 83' lang='lat' dir='ltr'><strong>instructi</strong></span> <span class='ocrx_word' id='word_1_193' title='bbox 486 2200 671 2246; x_wconf 84' lang='lat' dir='ltr'><strong>paratique</strong></span> <span class='ocrx_word' id='word_1_194' title='bbox 709 2199 761 2233; x_wconf 96' lang='lat' dir='ltr'><strong>III</strong></span> <span class='ocrx_word' id='word_1_195' title='bbox 796 2201 819 2234; x_wconf 89' lang='lat'>4</span> <span class='ocrx_word' id='word_1_196' title='bbox 858 2201 1052 2236; x_wconf 85' lang='lat' dir='ltr'><strong>instructae</strong></span> <span class='ocrx_word' id='word_1_197' title='bbox 1085 2203 1177 2239; x_wconf 88' lang='lat' dir='ltr'><strong>acies</strong></span> 
     </span>
     <span class='ocr_line' id='line_1_40' title="bbox 174 2246 1107 2292; baseline 0.002 -10"><span class='ocrx_word' id='word_1_198' title='bbox 174 2248 319 2283; x_wconf 88' lang='lat' dir='ltr'><strong>obviam</strong></span> <span class='ocrx_word' id='word_1_199' title='bbox 344 2248 547 2292; x_wconf 88' lang='lat' dir='ltr'><strong>procedunt</strong></span> <span class='ocrx_word' id='word_1_200' title='bbox 686 2246 875 2281; x_wconf 86' lang='lat' dir='ltr'><strong>advorsum</strong></span> <span class='ocrx_word' id='word_1_201' title='bbox 900 2260 1107 2292; x_wconf 85' lang='lat' dir='ltr'><strong>processere</strong></span> 
     </span>
    </p>

    <p class='ocr_par' dir='ltr' id='par_1_18' title="bbox 196 2293 1178 2340">
     <span class='ocr_line' id='line_1_41' title="bbox 196 2293 1178 2340; baseline 0.004 -11"><span class='ocrx_word' id='word_1_202' title='bbox 196 2293 234 2339; x_wconf 88' lang='grc'><strong>8)</strong></span> <span class='ocrx_word' id='word_1_203' title='bbox 270 2306 333 2329; x_wconf 88' lang='lat' dir='ltr'><strong>sua</strong></span> <span class='ocrx_word' id='word_1_204' title='bbox 373 2295 523 2340; x_wconf 88' lang='lat' dir='ltr'><strong>quisque</strong></span> <span class='ocrx_word' id='word_1_205' title='bbox 564 2293 670 2331; x_wconf 83' lang='lat' dir='ltr'><strong>fortia</strong></span> <span class='ocrx_word' id='word_1_206' title='bbox 707 2293 806 2329; x_wconf 81' lang='lat'><strong>1144</strong></span> <span class='ocrx_word' id='word_1_207' title='bbox 824 2294 955 2339; x_wconf 87' lang='lat' dir='ltr'><strong>singuli</strong></span> <span class='ocrx_word' id='word_1_208' title='bbox 967 2297 1178 2333; x_wconf 85' lang='lat' dir='ltr'><strong>extollentes</strong></span> 
     </span>
    </p>
   </div>
   <div class='ocr_carea' id='block_1_14' title="bbox 174 2341 1178 2423">
    <p class='ocr_par' dir='ltr' id='par_1_19' title="bbox 174 2341 1178 2423">
     <span class='ocr_line' id='line_1_42' title="bbox 174 2341 1178 2422; baseline 0.003 -44"><span class='ocrx_word' id='word_1_209' title='bbox 174 2341 270 2378; x_wconf 85' lang='lat' dir='ltr'><strong>sacta</strong></span> <span class='ocrx_word' id='word_1_210' title='bbox 295 2342 342 2378; x_wconf 87' lang='lat' dir='ltr'><strong>ad</strong></span> <span class='ocrx_word' id='word_1_211' title='bbox 367 2343 506 2378; x_wconf 90' lang='lat' dir='ltr'><strong>coelum</strong></span> <span class='ocrx_word' id='word_1_212' title='bbox 530 2342 601 2378; x_wconf 87' lang='lat' dir='ltr'><strong>fert</strong></span> <span class='ocrx_word' id='word_1_213' title='bbox 684 2341 1058 2422; x_wconf 43' lang='lat' dir='ltr'><strong>{irtutemmemorare</strong></span> <span class='ocrx_word' id='word_1_214' title='bbox 1072 2345 1178 2381; x_wconf 88' lang='lat' dir='ltr'><strong>fortia</strong></span> 
     </span>
     <span class='ocr_line' id='line_1_43' title="bbox 698 2399 778 2423; baseline 0.013 -1"><span class='ocrx_word' id='word_1_215' title='bbox 698 2399 739 2422; x_wconf 85' lang='lat' dir='ltr'><strong>ac</strong></span> <span class='ocrx_word' id='word_1_216' title='bbox 758 2400 778 2423; x_wconf 85' lang='lat' dir='ltr'><strong>a</strong></span> 
     </span>
    </p>
   </div>
   <div class='ocr_carea' id='block_1_15' title="bbox 170 2482 669 2765">
    <p class='ocr_par' dir='ltr' id='par_1_20' title="bbox 170 2482 669 2765">
     <span class='ocr_line' id='line_1_44' title="bbox 197 2482 534 2525; baseline 0 -7"><span class='ocrx_word' id='word_1_217' title='bbox 197 2483 233 2525; x_wconf 90' lang='lat'>1)</span> <span class='ocrx_word' id='word_1_218' title='bbox 257 2493 360 2519; x_wconf 88' lang='lat' dir='ltr'><strong>more</strong></span> <span class='ocrx_word' id='word_1_219' title='bbox 384 2482 534 2519; x_wconf 84' lang='lat' dir='ltr'><strong>militiae</strong></span> 
     </span>
     <span class='ocr_line' id='line_1_45' title="bbox 194 2530 505 2565; baseline -0.003 -1"><span class='ocrx_word' id='word_1_220' title='bbox 194 2530 360 2564; x_wconf 87' lang='lat' dir='ltr'><strong>hortatur</strong></span> <span class='ocrx_word' id='word_1_221' title='bbox 399 2555 409 2565; x_wconf 86' lang='lat'>.</span> <span class='ocrx_word' id='word_1_222' title='bbox 450 2556 458 2564; x_wconf 90' lang='lat'><strong>.</strong></span> <span class='ocrx_word' id='word_1_223' title='bbox 496 2554 505 2563; x_wconf 87' lang='lat'><strong>.</strong></span> 
     </span>
     <span class='ocr_line' id='line_1_46' title="bbox 170 2577 485 2623; baseline -0.003 -11"><span class='ocrx_word' id='word_1_224' title='bbox 170 2577 331 2612; x_wconf 85' lang='lat' dir='ltr'><strong>animum</strong></span> <span class='ocrx_word' id='word_1_225' title='bbox 357 2579 485 2623; x_wconf 82' lang='lat' dir='ltr'><strong>gerant</strong></span> 
     </span>
     <span class='ocr_line' id='line_1_47' title="bbox 196 2625 669 2670; baseline 0 -11"><span class='ocrx_word' id='word_1_226' title='bbox 196 2625 234 2670; x_wconf 82' lang='lat'>5)</span> <span class='ocrx_word' id='word_1_227' title='bbox 267 2626 393 2660; x_wconf 85' lang='lat' dir='ltr'><strong>statuit</strong></span> <span class='ocrx_word' id='word_1_228' title='bbox 416 2636 488 2659; x_wconf 88' lang='lat' dir='ltr'><strong>non</strong></span> <span class='ocrx_word' id='word_1_229' title='bbox 524 2625 669 2669; x_wconf 89' lang='lat' dir='ltr'><strong>proeliis</strong></span> 
     </span>
     <span class='ocr_line' id='line_1_48' title="bbox 171 2672 668 2716; baseline 0.002 -9"><span class='ocrx_word' id='word_1_230' title='bbox 171 2682 287 2716; x_wconf 84' lang='lat' dir='ltr'><strong>neque</strong></span> <span class='ocrx_word' id='word_1_231' title='bbox 303 2672 391 2713; x_wconf 82' lang='lat' dir='ltr'><strong>acie,</strong></span> <span class='ocrx_word' id='word_1_232' title='bbox 415 2674 470 2707; x_wconf 79' lang='lat' dir='ltr'><strong>set</strong></span> <span class='ocrx_word' id='word_1_233' title='bbox 485 2672 555 2707; x_wconf 86' lang='lat' dir='ltr'><strong>alio</strong></span> <span class='ocrx_word' id='word_1_234' title='bbox 569 2683 668 2708; x_wconf 87' lang='lat' dir='ltr'><strong>more</strong></span> 
     </span>
     <span class='ocr_line' id='line_1_49' title="bbox 172 2719 535 2765; baseline 0 -11"><span class='ocrx_word' id='word_1_235' title='bbox 172 2719 309 2755; x_wconf 85' lang='lat' dir='ltr'><strong>bellum</strong></span> <span class='ocrx_word' id='word_1_236' title='bbox 334 2719 535 2765; x_wconf 85' lang='lat' dir='ltr'><strong>gerundum</strong></span> 
     </span>
    </p>
   </div>
   <div class='ocr_carea' id='block_1_16' title="bbox 546 2483 1176 2626">
    <p class='ocr_par' dir='ltr' id='par_1_21' title="bbox 546 2483 1176 2626">
     <span class='ocr_line' id='line_1_50' title="bbox 706 2483 1117 2520; baseline 0.007 -3"><span class='ocrx_word' id='word_1_237' title='bbox 706 2483 741 2517; x_wconf 96' lang='lat' dir='ltr'><strong>II</strong></span> <span class='ocrx_word' id='word_1_238' title='bbox 768 2483 813 2519; x_wconf 87' lang='lat'><strong>36</strong></span> <span class='ocrx_word' id='word_1_239' title='bbox 841 2494 941 2519; x_wconf 89' lang='lat' dir='ltr'><strong>more</strong></span> <span class='ocrx_word' id='word_1_240' title='bbox 966 2484 1117 2520; x_wconf 86' lang='lat' dir='ltr'><strong>militiae</strong></span> 
     </span>
     <span class='ocr_line' id='line_1_51' title="bbox 546 2530 1175 2575; baseline 0.005 -11"><span class='ocrx_word' id='word_1_241' title='bbox 546 2541 668 2575; x_wconf 84' lang='lat' dir='ltr'><strong>parem</strong></span> <span class='ocrx_word' id='word_1_242' title='bbox 707 2530 723 2563; x_wconf 94' lang='lat'>1</span> <span class='ocrx_word' id='word_1_243' title='bbox 749 2532 771 2565; x_wconf 86' lang='lat'>9</span> <span class='ocrx_word' id='word_1_244' title='bbox 795 2531 928 2564; x_wconf 90' lang='lat' dir='ltr'><strong>bonum</strong></span> <span class='ocrx_word' id='word_1_245' title='bbox 946 2532 1104 2567; x_wconf 87' lang='lat' dir='ltr'><strong>animum</strong></span> <span class='ocrx_word' id='word_1_246' title='bbox 1124 2533 1175 2567; x_wconf 82' lang='lat' dir='ltr'><strong>uti</strong></span> 
     </span>
     <span class='ocr_line' id='line_1_52' title="bbox 684 2577 1176 2626; baseline 0.01 -15"><span class='ocrx_word' id='word_1_247' title='bbox 684 2580 825 2623; x_wconf 84' lang='lat' dir='ltr'><strong>gereret</strong></span> <span class='ocrx_word' id='word_1_248' title='bbox 832 2577 997 2614; x_wconf 86' lang='lat' dir='ltr'><strong>hortatur</strong></span> <span class='ocrx_word' id='word_1_249' title='bbox 1004 2579 1101 2617; x_wconf 83' lang='lat' dir='ltr'><strong>cfr.V</strong></span> <span class='ocrx_word' id='word_1_250' title='bbox 1108 2581 1142 2626; x_wconf 87' lang='lat'><strong>7,</strong></span> <span class='ocrx_word' id='word_1_251' title='bbox 1155 2582 1176 2616; x_wconf 91' lang='grc'><strong>9</strong></span> 
     </span>
    </p>
   </div>
   <div class='ocr_carea' id='block_1_17' title="bbox 715 834 1186 882">
    <p class='ocr_par' dir='ltr' id='par_1_22' title="bbox 715 834 1186 882">
     <span class='ocr_line' id='line_1_53' title="bbox 715 834 1186 882; baseline 0.017 -14"><span class='ocrx_word' id='word_1_252' title='bbox 715 834 750 868; x_wconf 95' lang='lat' dir='ltr'><strong>II</strong></span> <span class='ocrx_word' id='word_1_253' title='bbox 766 837 808 869; x_wconf 87' lang='lat'><strong>41</strong></span> <span class='ocrx_word' id='word_1_254' title='bbox 836 847 926 879; x_wconf 86' lang='lat' dir='ltr'><strong>quae</strong></span> <span class='ocrx_word' id='word_1_255' title='bbox 943 838 1085 882; x_wconf 88' lang='lat' dir='ltr'><strong>tempus</strong></span> <span class='ocrx_word' id='word_1_256' title='bbox 1104 842 1186 876; x_wconf 85' lang='lat' dir='ltr'><strong>anni</strong></span> 
     </span>
    </p>
   </div>
   <div class='ocr_carea' id='block_1_18' title="bbox 1364 166 1533 212">
    <p class='ocr_par' dir='ltr' id='par_1_23' title="bbox 1364 166 1533 212">
     <span class='ocr_line' id='line_1_54' title="bbox 1364 166 1533 212; baseline 0.018 -3"><span class='ocrx_word' id='word_1_257' title='bbox 1364 166 1405 209; x_wconf 86' lang='lat' dir='ltr'><strong>S.</strong></span> <span class='ocrx_word' id='word_1_258' title='bbox 1438 167 1533 212; x_wconf 79' lang='lat' dir='ltr'><strong>Sev.</strong></span> 
     </span>
    </p>
   </div>
   <div class='ocr_carea' id='block_1_19' title="bbox 1202 271 1699 599">
    <p class='ocr_par' dir='ltr' id='par_1_24' title="bbox 1225 271 1697 320">
     <span class='ocr_line' id='line_1_55' title="bbox 1225 271 1697 320; baseline 0.013 -14"><span class='ocrx_word' id='word_1_259' title='bbox 1225 271 1263 306; x_wconf 89' lang='lat' dir='ltr'>M</span> <span class='ocrx_word' id='word_1_260' title='bbox 1281 272 1337 312; x_wconf 86' lang='lat'><strong>12,</strong></span> <span class='ocrx_word' id='word_1_261' title='bbox 1365 273 1382 307; x_wconf 92' lang='lat'>1</span> <span class='ocrx_word' id='word_1_262' title='bbox 1399 271 1697 320; x_wconf 85' lang='lat' dir='ltr'><strong>conspicatusque</strong></span> 
     </span>
    </p>

    <p class='ocr_par' dir='ltr' id='par_1_25' title="bbox 1202 319 1699 599">
     <span class='ocr_line' id='line_1_56' title="bbox 1202 319 1699 357; baseline 0.01 -4"><span class='ocrx_word' id='word_1_263' title='bbox 1202 319 1338 353; x_wconf 89' lang='lat' dir='ltr'><strong>eminus</strong></span> <span class='ocrx_word' id='word_1_264' title='bbox 1368 319 1584 354; x_wconf 88' lang='lat' dir='ltr'><strong>venientium</strong></span> <span class='ocrx_word' id='word_1_265' title='bbox 1624 326 1699 357; x_wconf 87' lang='lat' dir='ltr'><strong>tur-</strong></span> 
     </span>
     <span class='ocr_line' id='line_1_57' title="bbox 1202 366 1699 410; baseline 0.01 -10"><span class='ocrx_word' id='word_1_266' title='bbox 1202 366 1304 407; x_wconf 77' lang='lat' dir='ltr'><strong>bam,</strong></span> <span class='ocrx_word' id='word_1_267' title='bbox 1338 366 1509 410; x_wconf 90' lang='lat' dir='ltr'><strong>quidnam</strong></span> <span class='ocrx_word' id='word_1_268' title='bbox 1543 367 1580 402; x_wconf 90' lang='lat' dir='ltr'><strong>id</strong></span> <span class='ocrx_word' id='word_1_269' title='bbox 1605 373 1699 405; x_wconf 86' lang='lat' dir='ltr'><strong>esset</strong></span> 
     </span>
     <span class='ocr_line' id='line_1_58' title="bbox 1202 413 1696 458; baseline 0.012 -12"><span class='ocrx_word' id='word_1_270' title='bbox 1202 413 1356 457; x_wconf 85' lang='lat' dir='ltr'><strong>ignarus,</strong></span> <span class='ocrx_word' id='word_1_271' title='bbox 1375 414 1559 458; x_wconf 86' lang='lat' dir='ltr'><strong>paululum</strong></span> <span class='ocrx_word' id='word_1_272' title='bbox 1576 417 1696 451; x_wconf 85' lang='lat' dir='ltr'><strong>stetit:</strong></span> 
     </span>
     <span class='ocr_line' id='line_1_59' title="bbox 1203 461 1694 498; baseline 0.01 -5"><span class='ocrx_word' id='word_1_273' title='bbox 1203 471 1284 494; x_wconf 90' lang='lat' dir='ltr'><strong>nam</strong></span> <span class='ocrx_word' id='word_1_274' title='bbox 1329 487 1337 495; x_wconf 91' lang='lat'><strong>.</strong></span> <span class='ocrx_word' id='word_1_275' title='bbox 1373 487 1381 495; x_wconf 94' lang='lat'>.</span> <span class='ocrx_word' id='word_1_276' title='bbox 1420 487 1428 495; x_wconf 90' lang='lat'><strong>.</strong></span> <span class='ocrx_word' id='word_1_277' title='bbox 1467 461 1694 498; x_wconf 86' lang='lat' dir='ltr'><strong>intervallum</strong></span> 
     </span>
     <span class='ocr_line' id='line_1_60' title="bbox 1204 507 1699 548; baseline 0.012 -8"><span class='ocrx_word' id='word_1_278' title='bbox 1204 511 1297 548; x_wconf 89' lang='lat' dir='ltr'><strong>erat,</strong></span> <span class='ocrx_word' id='word_1_279' title='bbox 1336 509 1376 542; x_wconf 91' lang='lat' dir='ltr'><strong>ut</strong></span> <span class='ocrx_word' id='word_1_280' title='bbox 1411 507 1555 543; x_wconf 84' lang='lat' dir='ltr'><strong>difficile</strong></span> <span class='ocrx_word' id='word_1_281' title='bbox 1591 510 1699 546; x_wconf 88' lang='lat' dir='ltr'><strong>fuerit</strong></span> 
     </span>
     <span class='ocr_line' id='line_1_61' title="bbox 1204 554 1661 599; baseline 0.011 -11"><span class='ocrx_word' id='word_1_282' title='bbox 1204 554 1388 590; x_wconf 84' lang='lat' dir='ltr'><strong>dinoscere</strong></span> <span class='ocrx_word' id='word_1_283' title='bbox 1412 555 1497 599; x_wconf 89' lang='lat' dir='ltr'><strong>quid</strong></span> <span class='ocrx_word' id='word_1_284' title='bbox 1522 556 1661 593; x_wconf 83' lang='lat' dir='ltr'><strong>videret</strong></span> 
     </span>
    </p>
   </div>
   <div class='ocr_carea' id='block_1_20' title="bbox 1195 1056 1694 1187">
    <p class='ocr_par' dir='ltr' id='par_1_26' title="bbox 1195 1056 1694 1187">
     <span class='ocr_line' id='line_1_62' title="bbox 1223 1056 1694 1108; baseline 0.021 -18"><span class='ocrx_word' id='word_1_285' title='bbox 1223 1056 1249 1091; x_wconf 86' lang='lat' dir='ltr'>C</span> <span class='ocrx_word' id='word_1_286' title='bbox 1274 1057 1291 1091; x_wconf 94' lang='lat' dir='ltr'>I</span> <span class='ocrx_word' id='word_1_287' title='bbox 1315 1057 1373 1099; x_wconf 91' lang='lat'><strong>33,</strong></span> <span class='ocrx_word' id='word_1_288' title='bbox 1400 1061 1421 1093; x_wconf 89' lang='lat'><strong>7</strong></span> <span class='ocrx_word' id='word_1_289' title='bbox 1446 1071 1518 1096; x_wconf 92' lang='lat' dir='ltr'><strong>non</strong></span> <span class='ocrx_word' id='word_1_290' title='bbox 1542 1062 1694 1108; x_wconf 86' lang='lat' dir='ltr'><strong>imperia</strong></span> 
     </span>
     <span class='ocr_line' id='line_1_63' title="bbox 1196 1105 1694 1150; baseline 0.024 -13"><span class='ocrx_word' id='word_1_291' title='bbox 1196 1105 1333 1150; x_wconf 81' lang='lat' dir='ltr'><strong>exequi,</strong></span> <span class='ocrx_word' id='word_1_292' title='bbox 1363 1117 1436 1142; x_wconf 90' lang='lat' dir='ltr'><strong>non</strong></span> <span class='ocrx_word' id='word_1_293' title='bbox 1461 1109 1604 1146; x_wconf 89' lang='lat' dir='ltr'><strong>ordines</strong></span> <span class='ocrx_word' id='word_1_294' title='bbox 1630 1112 1694 1148; x_wconf 92' lang='lat' dir='ltr'><strong>ob·</strong></span> 
     </span>
     <span class='ocr_line' id='line_1_64' title="bbox 1195 1162 1336 1187; baseline 0.014 -2"><span class='ocrx_word' id='word_1_295' title='bbox 1195 1162 1336 1187; x_wconf 84' lang='lat' dir='ltr'><strong>servare</strong></span> 
     </span>
    </p>
   </div>
   <div class='ocr_carea' id='block_1_21' title="bbox 710 1950 1688 2012">
    <p class='ocr_par' dir='ltr' id='par_1_27' title="bbox 710 1950 1688 2012">
     <span class='ocr_line' id='line_1_65' title="bbox 710 1950 1688 2012; baseline 0.006 -14"><span class='ocrx_word' id='word_1_296' title='bbox 710 1965 762 1998; x_wconf 94' lang='lat' dir='ltr'><strong>III</strong></span> <span class='ocrx_word' id='word_1_297' title='bbox 791 1967 833 2000; x_wconf 84' lang='lat'><strong>13</strong></span> <span class='ocrx_word' id='word_1_298' title='bbox 859 1965 1013 2001; x_wconf 89' lang='lat' dir='ltr'><strong>fundunt</strong></span> <span class='ocrx_word' id='word_1_299' title='bbox 1038 1967 1178 2012; x_wconf 83' lang='lat' dir='ltr'><strong>fugant·</strong></span> <span class='ocrx_word' id='word_1_300' title='bbox 1218 1950 1244 1985; x_wconf 74' lang='lat' dir='ltr'>C</span> <span class='ocrx_word' id='word_1_301' title='bbox 1280 1950 1315 1985; x_wconf 81' lang='grc' dir='ltr'>Π</span> <span class='ocrx_word' id='word_1_302' title='bbox 1348 1953 1415 1993; x_wconf 74' lang='lat'><strong>21’</strong></span> <span class='ocrx_word' id='word_1_303' title='bbox 1456 1953 1478 1986; x_wconf 71' lang='lat'><em>2</em></span> <span class='ocrx_word' id='word_1_304' title='bbox 1514 1953 1609 1989; x_wconf 64' lang='lat' dir='ltr'>fusus</span> <span class='ocrx_word' id='word_1_305' title='bbox 1645 1966 1688 1990; x_wconf 70' lang='lat'><strong>²⁰</strong></span> 
     </span>
    </p>
   </div>
   <div class='ocr_carea' id='block_1_22' title="bbox 1195 1998 1335 2044">
    <p class='ocr_par' dir='ltr' id='par_1_28' title="bbox 1195 1998 1335 2044">
     <span class='ocr_line' id='line_1_66' title="bbox 1195 1998 1335 2044; baseline 0.007 -12"><span class='ocrx_word' id='word_1_306' title='bbox 1195 1998 1335 2044; x_wconf 86' lang='lat' dir='ltr'><strong>fugatus</strong></span> 
     </span>
    </p>
   </div>
   <div class='ocr_carea' id='block_1_23' title="bbox 1189 2631 1687 2821">
    <p class='ocr_par' dir='ltr' id='par_1_29' title="bbox 1189 2631 1687 2821">
     <span class='ocr_line' id='line_1_67' title="bbox 1215 2631 1684 2674; baseline 0.004 -7"><span class='ocrx_word' id='word_1_307' title='bbox 1215 2631 1241 2667; x_wconf 88' lang='lat' dir='ltr'>C</span> <span class='ocrx_word' id='word_1_308' title='bbox 1272 2631 1289 2666; x_wconf 92' lang='grc' dir='ltr'>Ι</span> <span class='ocrx_word' id='word_1_309' title='bbox 1314 2634 1379 2674; x_wconf 88' lang='grc'><strong>22,</strong></span> <span class='ocrx_word' id='word_1_310' title='bbox 1412 2634 1435 2667; x_wconf 86' lang='grc'>4</span> <span class='ocrx_word' id='word_1_311' title='bbox 1469 2644 1542 2668; x_wconf 89' lang='lat' dir='ltr'><strong>non</strong></span> <span class='ocrx_word' id='word_1_312' title='bbox 1574 2634 1684 2669; x_wconf 87' lang='lat' dir='ltr'><strong>armis</strong></span> 
     </span>
     <span class='ocr_line' id='line_1_68' title="bbox 1190 2679 1687 2727; baseline 0.008 -14"><span class='ocrx_word' id='word_1_313' title='bbox 1190 2681 1252 2714; x_wconf 88' lang='lat' dir='ltr'><strong>aut</strong></span> <span class='ocrx_word' id='word_1_314' title='bbox 1287 2679 1422 2716; x_wconf 89' lang='lat' dir='ltr'><strong>viribus</strong></span> <span class='ocrx_word' id='word_1_315' title='bbox 1459 2681 1587 2716; x_wconf 89' lang='lat' dir='ltr'><strong>urbem</strong></span> <span class='ocrx_word' id='word_1_316' title='bbox 1625 2693 1687 2727; x_wconf 81' lang='lat' dir='ltr'><strong>ag-</strong></span> 
     </span>
     <span class='ocr_line' id='line_1_69' title="bbox 1191 2727 1684 2771; baseline 0.008 -11"><span class='ocrx_word' id='word_1_317' title='bbox 1191 2737 1342 2771; x_wconf 85' lang='lat' dir='ltr'><strong>gressus,</strong></span> <span class='ocrx_word' id='word_1_318' title='bbox 1372 2727 1457 2763; x_wconf 87' lang='lat' dir='ltr'><strong>ferri</strong></span> <span class='ocrx_word' id='word_1_319' title='bbox 1482 2739 1603 2764; x_wconf 84' lang='lat' dir='ltr'><strong>arcam</strong></span> <span class='ocrx_word' id='word_1_320' title='bbox 1617 2729 1684 2764; x_wconf 90' lang='lat' dir='ltr'><strong>Dei</strong></span> 
     </span>
     <span class='ocr_line' id='line_1_70' title="bbox 1189 2774 1558 2821; baseline 0.008 -13"><span class='ocrx_word' id='word_1_321' title='bbox 1189 2774 1286 2809; x_wconf 83' lang='lat' dir='ltr'><strong>circa</strong></span> <span class='ocrx_word' id='word_1_322' title='bbox 1310 2785 1433 2811; x_wconf 88' lang='lat' dir='ltr'><strong>muros</strong></span> <span class='ocrx_word' id='word_1_323' title='bbox 1452 2775 1558 2821; x_wconf 89' lang='lat' dir='ltr'><strong>jubet</strong></span> 
     </span>
    </p>
   </div>
  </div>
 </body>
</html>
