1864 3042
862 128 919 173 48

123 243 249 287 naret
291 257 470 300 eamque
510 245 554 287 et
592 257 700 299 quae
738 243 902 300 nuptiis
940 243 1036 287 usui
1071 244 1214 288 essent
1252 244 1417 289 mature
1447 242 1638 300 mittete.

121 310 167 356 11
197 312 251 354 12
282 327 463 369 eumque
493 315 537 355 et
566 325 763 368 maguam
790 312 878 354 vim
913 311 1100 355 hostium
1127 313 1346 356 interficit.
1405 312 1450 356 11
1472 313 1528 357 29
1558 312 1635 369 qui

126 394 256 436 seque
296 384 340 425 et
378 383 505 425 deum
548 382 814 438 contemptui
852 381 1117 425 habuissent.
1173 380 1215 424 ΙΙ
1243 381 1298 424 29
1337 382 1564 439 ipsumque
1595 382 1640 424 et

130 448 373 492 Menelaum
416 450 688 492 contumeliis
731 450 960 492 lacerabat.
1028 451 1072 493 11
1116 451 1171 493 45
1217 465 1374 506 eosque
1411 452 1457 493 et
1496 463 1641 506 regem

127 518 407 563 interficiunt.
465 518 508 561 11
529 519 582 561 52
613 533 794 573 eumque
825 522 869 561 et
897 519 1085 574 reliquos
1115 520 1243 562 duces
1268 519 1452 562 deducit.
1501 518 1639 562 11115

128 600 310 643 eumque
348 588 392 630 et
431 600 578 630 omnes
618 587 835 629 interficit.
896 588 962 629 III
991 589 1045 630 25
1086 589 1260 643 ipseque
1289 590 1332 629 et
1362 588 1436 643 qui
1466 601 1562 629 cum
1591 601 1641 629 eo

129 659 350 699 venerant.
417 656 477 699 IV
512 659 532 699 l
572 656 796 712 ipsumque
837 658 880 699 et
920 657 994 711 qui
1033 671 1132 699 cum
1176 671 1226 699 eo
1267 655 1459 699 fuissent.
1520 654 1583 698 VI
1613 655 1639 697 8

129 740 310 781 eumque
341 728 383 769 et
413 725 542 781 paulo
569 727 667 781 post
696 725 873 767 fratrem
904 726 1124 768 interficit.
1187 725 1302 774 Quae
1332 740 1429 768 cum
1453 726 1515 767 ita
1539 726 1640 776 sint,

130 795 396 851 Septimium,
429 795 503 849 qui
537 809 701 836 summo
733 793 1004 837 Achaeorum
1036 795 1132 837 duci
1163 795 1393 851 exprobrat

357 863 402 905 11
433 863 487 904 29
536 864 750 904 »ceterum
781 862 973 905 Achilles
1012 864 1059 904 in
1095 877 1167 905 ore
1199 864 1388 906 omnium
1416 862 1640 918 ipsumque

356 934 400 973 et
429 930 670 973 Menelaum
701 931 971 974 contumeliis
1000 932 1242 975 lacerabat«

128 1002 175 1045 in
220 1015 295 1044 suo
340 999 444 1043 belli
474 998 722 1055 «Iugurthini
763 1000 874 1043 libro
915 1015 1006 1045 eam
1036 1001 1173 1057 ipsam
1218 1001 1492 1058 scripturam,
1533 1011 1641 1055 quae

129 1071 255 1113 nobis
285 1084 361 1125 per
392 1083 524 1110 unum
552 1069 666 1111 Vum
697 1071 855 1112 tradita
884 1073 960 1123 est,
990 1072 1200 1114 invenisse
1230 1072 1483 1127 colligimus.

742 1230 771 1274 J
773 1245 843 1288 ug.
876 1232 943 1283 85,
975 1231 1045 1274 33.

244 1346 361 1390 Idem
403 1348 476 1390 ille
506 1346 666 1390 Marius
701 1348 753 1391 de
782 1363 825 1390 se
870 1349 1107 1404 praedicat:
1147 1348 1294 1390 literas
1323 1347 1506 1390 Graecas
1535 1344 1642 1387 nihil

129 1418 375 1461 doctoribus
405 1418 457 1459 ad
486 1419 690 1459 virtutem
722 1418 992 1473 proficientes
1023 1432 1066 1459 se
1098 1432 1186 1460 non
1219 1417 1435 1467 didicisse3
1469 1416 1541 1457 »at
1565 1412 1642 1456 illa

129 1487 265 1532 multo
295 1489 473 1544 optuma
501 1487 761 1543 reipublicae
788 1487 942 1530 doctus
971 1501 1077 1539 sum,
1109 1487 1277 1529 hostem
1306 1485 1445 1537 ferire,
1484 1484 1643 1541 praesi-

129 1560 245 1618 dium
277 1559 462 1614 agitare,
495 1558 605 1600 nihil
637 1560 825 1600 metuere
855 1559 939 1600 nisi
953 1560 1139 1636 ‘tvpem
1168 1557 1344 1608 famam,
1388 1556 1570 1598 hiemem
1599 1555 1643 1596 et

129 1614 335 1672 aestatem
371 1627 497 1683 juxta
535 1627 650 1683 pati,
683 1627 803 1670 humi
843 1627 1126 1683 requiescere,
1168 1626 1316 1670 eodem
1357 1630 1547 1681 tempore
1577 1623 1644 1666 in—

129 1697 273 1752 opiam
303 1699 348 1738 et
376 1695 566 1738 laborem
595 1696 820 1738 tolerarent

244 1765 302 1809 Vi
352 1765 579 1808 lectionem
634 1765 944 1821 »praesidium«
1000 1766 1049 1807 ut
1091 1764 1267 1820 reliquis
1311 1763 1433 1806 libris
1476 1761 1542 1819 (P.
1575 1759 1640 1818 C.)

132 1834 398 1891 »praesidia«
445 1834 745 1877 exhibentibus
785 1834 1073 1891 praeferamus
1112 1836 1315 1890 quattuor
1345 1825 1642 1889 permovemur

127 1907 379 1951 rationibus.
438 1905 631 1949 Primum
676 1907 811 1958 enim,
860 1907 903 1950 id
952 1907 1066 1963 quod
1110 1908 1224 1950 recte
1255 1905 1458 1949 Dieckius
1497 1904 1644 1947 monet

128 1991 171 2034 p.
204 1977 280 2028 32,
322 1975 632 2032 ›praesidium‹
665 1977 709 2018 et
740 1976 954 2031 »agitare«
985 1976 1032 2017 in
1062 1989 1194 2017 unum
1224 1975 1346 2030 quasi
1375 1974 1553 2017 verbum
1581 1972 1644 2014 ita

128 2045 396 2096 coaluerunt,
423 2046 473 2086 ut
506 2045 817 2100 »praesidium«
850 2045 895 2086 in
928 2045 1191 2100 ›praesidia‹
1224 2058 1455 2100 numquam
1486 2041 1643 2084 mutari

128 2114 338 2158 videatur.
397 2113 561 2157 Deinde
592 2114 805 2170 praesidia
835 2114 947 2170 apud
965 2113 1217 2157 Sallustium
1242 2116 1317 2156 aut
1334 2114 1435 2156 sunt
1450 2112 1644 2154 homines

130 2185 286 2227 armati
315 2183 845 2239 (Schutzmannschaften)
875 2185 950 2225 aut
978 2184 1265 2226 instrumenta
1294 2182 1548 2229 munitionis
1576 2179 1646 2223 vel

128 2254 398 2297 munimenta
439 2252 775 2310 (Schutzmittel)
817 2253 892 2296 cfr.
932 2252 1033 2309 Jug.
1081 2253 1154 2305 10,
1200 2256 1227 2295 4
1272 2267 1385 2295 »non
1434 2251 1645 2295 exercitus

129 2336 268 2378 neque
297 2321 489 2364 thesauri
504 2322 714 2378 praesidia
735 2323 859 2378 regni
875 2324 988 2373 sunt,
1018 2336 1166 2364 verum
1191 2322 1358 2364 amici«
1419 2321 1567 2373 Porro,
1595 2321 1646 2362 ut

130 2391 368 2448 »praesidia
396 2392 582 2446 agitare«
615 2391 699 2434 dici
730 2393 881 2446 queat,
920 2391 1096 2447 pluralis
1127 2406 1326 2434 numerus
1356 2392 1469 2434 inter
1499 2391 1646 2447 singu-

128 2461 240 2503 lares
279 2460 603 2503 molestissimus
647 2462 723 2502 est.
791 2460 987 2515 Denique
1030 2459 1312 2503 Sallustianus
1356 2461 1428 2503 ille
1465 2460 1646 2503 Severus

128 2528 417 2586 praesidium«
449 2528 680 2584 scripsitC.
699 2528 744 2570 II
760 2529 828 2580 23,
862 2531 940 2570 3»
921 2529 1256 2584 »constitutique
1286 2529 1360 2585 qui
1390 2531 1646 2586 perpetuum

128 2598 389 2656 praesidium
419 2598 572 2640 armati
602 2598 853 2653 agitarentn
1690 2652 1692 2657 ,

245 2668 396 2723 Itaque
426 2668 462 2711 si
503 2668 720 2724 paulisper
750 2668 1031 2711 subsistentes
1071 2683 1217 2712 omnes
1246 2652 1647 2726 perlustraverimus

127 2736 266 2790 locos,
313 2736 469 2793 quibus
511 2737 637 2780 nobis
677 2737 883 2793 contigit,
929 2739 977 2780 ut
1009 2737 1066 2781 Vi
1097 2740 1143 2780 et
1172 2737 1223 2780 Pi
1254 2739 1446 2781 codicum
1476 2742 1648 2784 contro-

128 2808 287 2849 versias
317 2807 370 2849 ad
399 2807 637 2848 imitatores
667 2808 887 2861 tamquam
911 2807 1076 2860 judices
1106 2807 1389 2858 deferremus.
1434 2808 1548 2852 Vum
1584 2809 1648 2852 Po
1719 2851 1731 2854 ,

129 2875 268 2920 multo
301 2875 656 2935 praestantiorem
687 2889 776 2918 esse
798 2874 901 2918 satis
923 2875 1160 2934 apparebit.
1218 2876 1515 2923 Imitatoribus
1536 2878 1650 2923 enim
1700 2920 1705 2927 ,
