1864 3042
901 70 957 118 32

259 181 370 231 Sall.)
392 183 590 231 Catilina.
671 184 678 299 Ι
824 185 940 232 Dict.
970 188 1036 232 Cr.
1346 188 1389 234 S.
1421 188 1514 234 Sev.

404 293 439 327 2.

196 336 233 380 2)
269 336 402 374 divorsi
437 349 521 384 pars
559 364 567 372 .
599 362 607 372 .
645 364 666 381 .,
703 339 788 376 1V5
804 340 936 378 diversi
952 352 1014 378 suo
1028 339 1174 387 quisque

172 385 236 422 alu
261 411 270 422 .
298 412 307 422 .
335 413 344 422 .
369 387 584 422 exercebant
681 398 812 433 genere
836 390 1092 428 exercebantur

207 432 244 487 β)
281 444 396 478 neque
445 434 577 469 mutari
623 445 664 470 ac·
1208 436 1235 472 C
1258 436 1294 471 ΙΙ
1325 438 1391 480 51,
1424 439 1446 473 9
1479 448 1562 472 cum
1596 463 1605 472 .
1631 461 1640 471 .
1666 461 1676 470 .

170 481 315 516 misceri
337 481 459 517 omnia
498 492 662 517 cerneres
1185 484 1305 520 omnia
1321 484 1460 520 turbari
1475 495 1518 520 ac
1531 482 1674 520 misceri

1185 536 1418 569 cernerentur

198 576 235 619 9)
267 576 330 621 qui
362 576 482 621 aliquo
519 576 664 621 negotio
1208 579 1234 614 G
1259 580 1275 614 I
1300 582 1336 624 4,
1360 581 1381 614 5
1406 579 1461 614 his
1489 605 1497 614 .
1524 605 1533 614 .
1557 604 1567 613 .
1591 589 1676 614 con-

173 622 332 659 intentus
366 624 542 669 praeclari
581 623 665 659 faci·
1184 626 1302 662 silium
1316 626 1395 671 fuit,
1411 626 1543 672 insigni
1556 625 1677 671 aliquo

173 671 271 706 noris
312 674 375 706 aut
422 672 510 707 artis
551 672 665 708 bonae
1185 685 1293 720 opere
1316 674 1450 710 famam
1474 683 1647 719 quaerere

173 718 307 754 famam
333 718 471 763 quaerit

198 814 234 857 2)
260 813 321 848 ubi
334 813 379 848 de
395 813 666 859 magnavirtute
1208 815 1239 849 D
1271 815 1288 849 I
1322 817 1389 860 26,
1427 816 1448 850 6
1483 826 1573 859 quae
1607 815 1678 861 ipsi

174 863 281 906 atque
329 860 446 905 gloria
493 861 663 895 bonorum
1184 861 1300 897 facere
1313 873 1386 897 non
1396 866 1556 909 possunt,
1581 862 1677 898 facta

174 919 363 948 memores,
387 919 477 953 quae
489 907 558 943 sibi
576 908 663 952 quis·
1183 910 1229 944 ab
1254 909 1316 944 illo
1350 911 1565 946 erubescunt
1581 937 1590 953 ‚
1638 912 1676 944 et

174 966 243 1000 que
278 955 396 991 facilia
432 955 528 990 sactu
565 959 662 999 putat
1185 957 1323 991 malunt
1344 956 1439 990 illius
1461 965 1591 1000 negare
1607 957 1677 992 vir-

176 1013 289 1048 aequo
339 1002 465 1037 animo
524 1002 664 1046 accipit.
1183 1006 1277 1038 tutes
1288 1004 1677 1048 quamsuaminertiam

176 1061 285 1095 supra
309 1060 351 1084 ea
374 1049 484 1085 veluti
499 1047 584 1085 ficta
600 1060 665 1094 pro
1184 1049 1345 1086 confiteri

174 1097 273 1133 falsis
297 1096 428 1179 ducit„4

199 1192 237 1237 2)
261 1191 371 1227 statui
395 1203 452 1226 res
473 1192 591 1236 gestas
604 1200 663 1234 po·
1207 1191 1233 1226 C
1257 1191 1275 1226 I
1298 1193 1315 1226 1
1332 1218 1340 1233 ‚
1372 1194 1389 1226 l
1425 1203 1481 1227 res
1508 1205 1529 1227 a
1553 1192 1678 1227 mundi

174 1239 252 1285 puli
267 1239 422 1274 Romani
438 1237 592 1284 carptim
611 1262 619 1271 .
634 1261 664 1271 ..
1188 1239 1334 1274 exordio
1359 1265 1368 1273 .
1388 1263 1397 1272 .
1416 1266 1423 1274 .
1449 1241 1602 1285 carptim
1626 1239 1678 1274 di-

174 1287 378 1322 describere
1188 1297 1268 1322 cere
1292 1298 1480 1332 aggressus
1504 1299 1584 1322 sum

201 1335 237 1380 3)
258 1335 304 1369 de
321 1333 494 1368 Catilinae
506 1333 665 1377 conjura·
705 1336 721 1371 I
751 1338 790 1371 13
816 1337 953 1381 reliqua¹
978 1363 986 1371 .
1009 1363 1017 1372 .
1036 1363 1044 1372 .
1067 1348 1170 1381 quam
1211 1334 1236 1369 C
1261 1334 1296 1368 ΙΙ
1320 1338 1375 1376 14,
1404 1337 1425 1369 8
1462 1346 1528 1380 per
1550 1334 1679 1370 Judith

173 1382 272 1417 tione
319 1392 426 1425 quam
474 1380 668 1415 verissume
683 1383 862 1419 verissime
899 1387 1026 1429 potero
1066 1395 1173 1429 expo·
1189 1384 1288 1426 gesta
1320 1385 1360 1416 ut
1395 1385 1522 1426 potero
1555 1382 1678 1427 paucis

173 1433 301 1476 poteio
332 1427 456 1473 paucis
485 1427 666 1463 absolvam
683 1442 765 1466 nam
1187 1428 1370 1464 absolvam

211 1478 247 1521 5)
287 1477 493 1522 priusquam
528 1475 666 1510 initium
1211 1475 1237 1511 C
1261 1476 1279 1510 I
1306 1478 1337 1519 1,
1363 1478 1385 1512 6
1417 1487 1512 1511 nunc
1536 1476 1678 1511 iniiium

174 1523 347 1561 narrandi
369 1523 499 1558 faciam
1187 1523 1355 1559 narrandi
1379 1523 1509 1559 faciam

203 1618 237 1664 1)
260 1629 395 1663 magna
425 1617 462 1654 vi
493 1619 530 1652 et
559 1615 667 1651 animi
703 1619 739 1654 II
754 1621 799 1655 48
824 1618 919 1664 quod
940 1630 1023 1654 cum
1043 1618 1172 1654 virtute
1210 1617 1236 1653 C
1263 1617 1298 1652 11
1321 1618 1381 1661 46,
1405 1617 1428 1652 4
1451 1615 1565 1651 multa
1587 1615 1679 1650 ineo

176 1669 213 1702 et
238 1665 413 1711 corporis.
682 1668 860 1712 corporis,
908 1669 986 1701 tum
1029 1666 1172 1712 ingenio
1187 1664 1296 1700 animi
1329 1667 1367 1699 et
1394 1663 1554 1709 corporis
1583 1663 1679 1698 bona

682 1715 864 1751 univorsos
888 1714 1041 1750 anteiret
1187 1722 1348 1747 cerneres

197 1758 343 1804 ingenio
367 1757 463 1793 malo
487 1767 667 1802 pravoque
1210 1759 1236 1794 C
1256 1759 1291 1793 II
1313 1759 1371 1802 45,
1397 1760 1418 1793 6
1442 1757 1618 1802 pessimus
1642 1757 1680 1791 et

1187 1806 1330 1852 ingenio
1366 1805 1462 1841 malo
1497 1814 1680 1850 pravoque

200 1854 238 1899 2)
261 1853 345 1889 huic
368 1852 465 1888 bella
490 1878 499 1888 .
527 1877 536 1886 .
562 1878 572 1888 .
596 1850 667 1887 dis·
1211 1855 1237 1890 C
1274 1854 1292 1889 Ι
1330 1854 1396 1895 26,
1432 1855 1453 1888 2
1493 1850 1681 1888 discordiis

174 1901 299 1938 cordia
319 1900 434 1937 civilis
455 1902 559 1946 grata
572 1899 668 1935 fuere
1187 1902 1350 1938 civilibus
1375 1900 1549 1936 exercitus

175 1949 298 1994 ibique
313 1948 542 1994 juventutem
568 1958 667 1982 suam

175 1996 338 2033 exercuit

200 2045 237 2090 3)
267 2054 398 2089 corpus
428 2041 568 2087 patiens
597 2041 668 2076 ine·
1222 2042 1248 2078 C
1287 2042 1323 2077 II
1360 2043 1426 2083 46,
1461 2043 1484 2076 4
1530 2040 1680 2086 vigilare

175 2091 269 2133 diae,
294 2089 441 2136 algoris,
465 2088 609 2135 vigiliae
1187 2090 1352 2134 multum,
1377 2089 1507 2123 famem
1527 2099 1569 2123 ac
1582 2087 1680 2122 sitim

1188 2137 1278 2172 ferre
1302 2138 1446 2182 poterat

199 2195 309 2230 supra
332 2195 440 2229 quam
1212 2184 1238 2220 C
1262 2183 1298 2218 11
1323 2184 1381 2228 46,
1405 2184 1428 2217 8
1452 2182 1550 2217 ultra
1572 2191 1680 2225 quam

198 2233 237 2277 4)
262 2231 370 2267 alieni
393 2231 585 2276 adpetens,
618 2228 670 2262 sui
708 2227 757 2264 IV
782 2230 828 2262 22
860 2238 1006 2273 parcum
1037 2226 1075 2261 in
1111 2236 1174 2260 suo

175 2279 341 2326 profusus
685 2277 791 2320 atque
813 2278 1044 2321 appetentem
1068 2272 1175 2310 alieni

200 2327 236 2372 9)
260 2338 318 2363 res
336 2327 414 2372 ipsa
428 2323 565 2360 hortari
574 2322 671 2359 vide·
709 2323 743 2358 ΙΙ
769 2324 813 2359 35
837 2334 894 2359 res
917 2323 1101 2369 postulare
1125 2320 1176 2357 vi·
1213 2324 1240 2360 C
1263 2324 1299 2359 11
1322 2326 1356 2366 2,
1381 2324 1404 2358 4
1427 2333 1486 2358 res
1509 2322 1683 2368 postulat,

175 2377 235 2412 tur
261 2401 270 2410 .
298 2400 307 2409 .
332 2401 342 2410 .
365 2374 530 2419 repetere
686 2370 790 2407 detur
814 2396 823 2405 .
851 2397 859 2406 .
886 2397 895 2407 .
919 2371 1060 2406 edicere
1190 2372 1268 2408 uti.
1291 2397 1301 2407 .
1326 2397 1335 2407 .
1359 2381 1577 2417 exponamus
1603 2369 1630 2405 G
1647 2369 1682 2404 H

1191 2421 1248 2466 28,
1273 2422 1295 2456 2

201 2516 237 2562 2)
261 2515 475 2552 incredibile
496 2523 671 2548 memora·
708 2512 740 2549 V
767 2513 810 2547 17
844 2510 1014 2555 brevique
1046 2509 1177 2546 coalita
1215 2515 1241 2550 G
1266 2514 1283 2549 Ι
1311 2515 1375 2557 13,
1415 2514 1433 2548 1
1470 2510 1683 2547 incredibile

175 2567 216 2601 tu
240 2566 295 2601 est
319 2575 427 2609 quam
459 2560 564 2598 facile
590 2571 669 2597 coa·
685 2560 810 2606 ingens
834 2558 1027 2595 multitudo
1191 2564 1389 2598 memoratu
1412 2561 1467 2596 est
1477 2570 1585 2605 quam
1608 2558 1682 2594 cito

174 2612 308 2648 luerint
1191 2620 1339 2645 numero
1364 2607 1460 2643 aucti
1484 2607 1556 2642 sint.

202 2660 241 2704 4)
266 2657 422 2694 finitumi
441 2656 538 2692 bello
554 2658 670 2700 temp·
1215 2657 1242 2693 C
1266 2656 1283 2692 1
1309 2658 1348 2700 5,
1381 2657 1404 2690 4
1436 2654 1533 2690 bello
1565 2652 1684 2691 vicina

175 2710 253 2743 tare
1191 2704 1419 2750 temptabant
1692 2708 1694 2710 ’

199 2754 237 2801 5)
261 2752 393 2789 intenti
415 2750 585 2787 festinare
718 2747 772 2782 ΙΙΙ
803 2749 829 2802 .1
878 2746 1008 2801 intenti
1058 2745 1177 2800 animo

685 2806 831 2879 {ligitime
868 2794 996 2830 studiis
1035 2792 1178 2830 festma-
