1864 3042
902 83 957 123 56

290 197 343 239 In
384 197 613 251 postremis
643 196 825 250 denique
855 194 1032 238 Sallusti
1061 195 1201 238 verbis
1230 194 1409 238 formam
1443 196 1685 248 »exitium«,

176 279 435 320 quamquam
474 265 736 320 optimorum
766 263 961 306 codicum
990 277 1199 306 consensu
1239 263 1384 306 fulciri
1413 264 1597 316 videtur,
1638 265 1704 308 in,
1733 293 1736 296 -
1792 264 1795 265 ⁷
1850 258 1855 262 ’

179 337 393 379 ›exitum‹
433 335 682 377 mutandam
721 348 810 376 esse
851 334 1124 381 arbitramur.
1183 333 1374 377 Primum
1414 335 1527 378 enim
1563 335 1684 379 nullo

176 404 260 446 alio
292 403 469 446 Sallusti
510 403 604 445 loco
648 402 827 444 exitium
866 402 995 444 finem
1035 402 1096 444 rei
1136 402 1317 457 alicujus
1353 403 1570 459 significat
1605 403 1683 446 cfr.-
1848 407 1852 410 ”

179 471 304 526 ›Jug.
340 473 406 521 70,
451 472 476 514 5
518 471 761 526 Jugurthae
804 471 982 512 exitium
1024 470 1181 512 adesse.
1241 470 1297 512 H.
1326 471 1393 514 111
1421 472 1496 522 61,
1539 473 1594 514 m
1629 472 1684 514 ad

177 539 356 582 exitium
396 553 530 593 usque
568 538 751 581 insontis
790 537 953 579 tribuni
982 537 1224 579 dominatus
1253 539 1331 580 est.
1390 537 1444 580 H.
1477 539 1499 581 Ι
1529 539 1683 591 41,,25

174 609 449 651 turbamenta
486 608 747 663 reipublicae
788 608 916 661 atque
954 607 1085 648 exitia
1113 607 1342 661 probate«,
1386 608 1541 662 quibus
1580 608 1685 650 loeis

174 676 375 720 omnibus
413 675 589 718 exitium
626 675 739 718 idem
768 676 833 716 est
861 676 990 729 atque
1032 675 1260 730 pernicies,
1305 675 1370 718 vel
1400 677 1448 717 ut
1476 665 1683 719 vocabulo

172 745 414 799 germanico
454 746 626 785 utamur
654 744 926 797 Untergang,
970 757 1055 784 nou
1095 744 1311 798 Ausgang.
1370 743 1521 799 Neque
1559 746 1684 788 aliter

173 814 411 855 imitatores
449 826 596 854 vocem
636 812 847 867 usurpant
876 810 950 853 cfr.
980 810 1032 853 D.
1066 810 1134 854 Gr.
1163 811 1183 853 I
1218 813 1281 854 11.
1340 812 1381 854 11
1411 813 1479 856 29.
1539 813 1583 856 Π
1613 814 1682 857 30.

172 882 217 923 Π
248 883 316 923 31.
377 881 443 922 III
474 882 542 926 25.
602 880 665 921 IV
698 881 764 922 19.
825 880 865 921 V
896 881 933 921 6.
996 880 1034 921 V
1067 880 1105 920 9.
1176 879 1217 922 S.
1249 880 1345 922 Sev.
1376 878 1474 923 051
1517 883 1593 933 16,
1628 884 1682 924 .1.

171 950 192 991 Ι
225 950 291 999 17,
336 951 371 990 1.
442 948 463 990 I
494 948 561 998 20,
605 949 642 989 7.
701 947 819 998 127,
866 949 905 989 4.
964 948 985 989 I
1017 948 1085 997 29,
1128 948 1167 989 5.
1226 948 1247 990 I
1278 949 1347 999 33,
1390 949 1428 990 8.
1489 949 1510 991 Ι
1539 950 1607 1002 35,
1640 951 1680 992 6.

172 1018 193 1060 l
232 1018 301 1067 35,
349 1018 386 1058 7.
456 1016 476 1057 Ι
508 1017 577 1066 38,
622 1019 663 1058 8.
731 1016 774 1057 ΙΙ
807 1017 873 1065 13,
917 1017 956 1056 3.
1034 1015 1172 1065 1116,
1216 1019 1250 1057 1.
1326 1016 1460 1059 Porro
1505 1017 1682 1060 Severus

171 1086 364 1127 imitator

402 1152 446 1195 C.
477 1153 499 1195 I
529 1154 597 1202 51,
641 1155 664 1193 2
712 1166 762 1193 »a
803 1151 905 1193 filiis
944 1152 1194 1194 interfectus
1233 1152 1408 1208 dignum
1447 1168 1490 1195 se
1521 1154 1681 1197 exitum

404 1222 531 1263 tulit«
1125 1272 1130 1275 ᾖ

172 1291 344 1345 scripsit
385 1290 623 1340 »exitum«,
669 1303 756 1331 non
802 1289 1053 1341 »exitium«,
1101 1304 1358 1345 quamquam
1396 1290 1499 1334 haec
1530 1291 1678 1344 forma,

171 1374 265 1401 cum
304 1358 414 1401 desit
453 1358 668 1414 genitivus
716 1358 901 1407 »vitae«,
945 1357 1048 1400 ferri
1088 1359 1247 1413 optime
1287 1359 1439 1414 potuit.
1500 1359 1679 1403 Severus

170 1430 313 1469 autem
343 1441 440 1468 cum
470 1426 553 1467 alio
584 1426 676 1467 loco
709 1424 771 1480 (C.
805 1425 825 1467 I
857 1426 925 1475 38,
958 1426 1003 1481 8)
1033 1426 1108 1468 ubi
1139 1427 1258 1468 nulla
1287 1427 1462 1469 Sallusti
1493 1429 1678 1471 imitatio

170 1498 255 1547 est,
297 1494 516 1550 scripserit
548 1508 616 1535 »se
656 1494 830 1547 dignum
863 1494 1012 1543 exitio,
1056 1495 1156 1548 quia
1185 1495 1275 1549 ipse
1306 1499 1569 1550 peccasset«,
1609 1511 1679 1538 su-

170 1565 337 1620 periore
367 1565 460 1606 loco
490 1563 668 1605 formam
701 1563 915 1604 »exitum«
950 1563 1068 1604 nulla
1096 1564 1148 1605 de
1176 1578 1325 1614 causa,
1362 1565 1443 1607 nisi
1474 1568 1522 1607 ut
1550 1565 1680 1609 verba

172 1633 434 1675 Sallustiana
465 1646 593 1686 quam
623 1632 934 1673 accuratissime
963 1631 1154 1682 referret,
1187 1647 1410 1687 usurpasse
1442 1633 1618 1675 videtur.

284 1701 507 1744 Postremo
549 1700 659 1742 alter
696 1700 888 1759 imitator
919 1702 1112 1755 quamvis
1142 1701 1326 1743 maxima
1354 1702 1678 1745 insolentiorum

168 1771 397 1813 verborum
450 1769 722 1811 affectatione
770 1768 959 1810 imbutus
1008 1769 1139 1811 fuerit
1156 1803 1165 1820 ,
1211 1770 1490 1812 nihilominus
1533 1773 1678 1814 tamen

167 1839 269 1882 dicit
298 1838 362 1882 VI
393 1838 446 1880 15
480 1837 646 1880 »exitus
675 1837 813 1879 vitae«
846 1839 889 1878 et
918 1836 981 1879 IV
1015 1838 1065 1879 15
1100 1838 1264 1879 »exitus
1304 1839 1505 1889 mortis«,
1550 1839 1676 1894 quod,

134 1953 137 1955 ,
170 1923 266 1950 cum
296 1908 438 1949 locum
469 1921 511 1948 se
543 1905 718 1948 Sallusti
749 1906 915 1947 novisse
947 1907 1039 1960 ipse
1069 1908 1250 1949 testetur
1279 1908 1420 1950 verbis

399 1975 461 2016 IV
492 1976 518 2015 3
553 1974 727 2016 »deletis
759 1974 892 2029 copiis
926 2007 934 2015 .
970 2006 978 2014 .
1013 2006 1020 2014 .
1057 1974 1148 2029 ipsa
1178 1975 1466 2029 spectaculum
1496 1977 1676 2033 dignum

397 2043 588 2085 moribus
618 2043 704 2085 suis
734 2042 957 2098 praebuit«

166 2128 385 2167 nunquam
427 2112 624 2161 dixisset,
664 2110 696 2153 si
737 2110 973 2153 obsoletum
1015 2111 1121 2153 illud
1164 2112 1394 2154 ›exitium‹
1428 2113 1473 2154 in
1503 2128 1579 2156 suo
1609 2115 1675 2157 in-

164 2182 349 2224 venisset
392 2180 504 2221 libro
545 2178 721 2221 Sallusti
762 2178 838 2220 cfr.
881 2178 983 2220 Otto
1026 2178 1196 2233 Frising
1235 2179 1385 2222 chron.
1414 2180 1457 2222 II
1489 2182 1541 2223 41
1587 2183 1673 2225 »sic

165 2251 339 2291 ultimae
384 2249 557 2302 reginae
597 2262 644 2289 ac
691 2248 852 2302 primae
893 2261 982 2288 sors
1013 2249 1057 2289 et
1087 2248 1224 2289 exitus
1254 2249 1404 2291 similis
1434 2248 1558 2292 fuit«.
1619 2252 1675 2294 Et

164 2331 423 2374 quamquam
466 2316 697 2358 ›exitium‹
740 2315 961 2370 antiquam
1003 2315 1184 2358 formam
1223 2316 1352 2360 fuisse
1393 2319 1673 2374 concedimus,

164 2392 307 2428 tamen
337 2401 361 2427 a
390 2385 591 2427 Sallustio
623 2399 716 2427 eam
747 2386 994 2439 usurpatam
1024 2398 1111 2426 esse
1140 2385 1259 2427 nullo
1290 2388 1404 2428 certo
1430 2388 1674 2430 testimonio

164 2455 302 2497 evinci
333 2455 486 2509 potest.

792 2606 891 2665 Jug.
927 2609 992 2658 10,
1027 2610 1064 2650 l.

279 2724 458 2780 Micipsa
489 2724 721 2766 moriturus
742 2723 1000 2779 Jugurtham
1032 2726 1230 2780 nepotem
1262 2726 1430 2767 monet:

278 2792 487 2834 »Parvom
519 2805 600 2846 ego
631 2791 873 2846 «Iugurtha,
919 2794 980 2843 te,
1022 2794 1176 2835 amisso
1208 2795 1329 2848 patre
1359 2794 1449 2836 sine
1480 2806 1554 2848 spe
1582 2792 1675 2858 sine
1716 2849 1720 2851 ἰ
