1864 3042
865 92 869 95 ’
881 95 939 139 43

249 215 464 259 »ceterum
506 215 613 259 mihi
651 215 698 259 in
738 216 826 260 dies
863 216 998 273 magis
1029 214 1249 272 magisque
1288 213 1454 256 animus
1482 211 1637 256 adcen-

133 276 271 336 ditu'r,
315 300 411 329 cum
449 287 690 338 considero,
733 301 841 343 quae
879 286 1067 329 conditio
1097 286 1209 327 vitae
1248 284 1394 326 futura
1432 284 1509 335 sit,
1553 282 1636 325 nisi

17 363 19 367 ⁴
50 348 55 379 i
82 352 86 356 ’
135 356 304 397 nosmet
332 356 415 411 ipsi
444 356 707 398 vindicamus
737 356 782 398 in
811 355 1069 398 libertatem.

257 423 292 466 V
324 426 516 467 »nosmet
543 426 668 481 ipsi«,
699 424 746 466 P.
779 424 823 467 G.
858 426 1050 467 »nosmet
1077 425 1234 481 ipsos«.

250 491 293 535 V
333 493 404 535 »in
445 493 534 536 dies
564 495 700 549 magis
739 495 999 549 magisque«,
1039 494 1087 536 P.
1119 493 1162 536 C.
1194 494 1241 535 iu
1270 493 1358 535 dies
1387 491 1549 546 magis<
1582 509 1638 519 —-

135 561 227 605 Hoc
270 563 364 606 loco
394 563 485 606 Vus
524 564 592 605 bis
630 578 738 605 unus
768 578 910 605 veram
951 564 1206 619 scripturam
1243 575 1429 604 servasse
1458 559 1638 602 videtur.

135 630 263 687 Cujus
292 632 544 674 auctoritate
574 633 745 674 subnixi
773 646 867 674 cum
895 646 1054 684 omnes,
1092 633 1164 686 qui
1195 631 1354 685 scripta
1384 627 1558 670 Sallusti
1587 626 1633 667 in

134 714 257 743 usum
295 701 512 757 publicum
550 702 795 752 ediderunt,
837 704 1028 744 »nosmet
1064 702 1171 757 ipsi«
1215 714 1342 756 quam
1370 698 1632 753 reliquorum

134 769 328 812 codicum
371 770 597 812 lectionem
641 773 832 812 »nosmet
869 771 1011 826 ipsos«
1053 770 1183 824 recipi
1224 767 1473 815 maluerint,
1521 763 1635 819 quod

40 842 43 845 ’
132 838 262 881 iidem
300 840 381 882 viri
421 842 590 895 praeter
620 838 914 882 Woelfflinum
952 839 1123 895 (Philol.
1166 837 1304 889 XVII,
1350 835 1451 891 521)
1490 846 1636 878 omnes

133 907 319 963 ejusdem
357 908 414 950 Vi
463 909 535 950 »in
580 908 667 950 dies
712 909 848 964 magis
885 909 1126 963 magisque«
1171 906 1409 949 exhibentis
1448 902 1636 956 vestigiis

133 971 294 1018 relictis
333 977 385 1019 ad
414 977 466 1018 Pi
504 978 731 1020 lectionem
776 978 847 1019 »in
886 977 974 1019 dies
1012 977 1173 1032 magis<
1215 974 1421 1030 singulari
1450 973 1634 1028 quodam

133 1044 445 1088 inconstantiae
474 1046 667 1102 exemplo
697 1046 1024 1102 confugiendum
1054 1060 1143 1088 esse
1173 1044 1369 1088 arbitrati
1399 1045 1512 1094 sunt,
1538 1043 1635 1097 jure

113 1117 281 1157 'nostro
311 1116 528 1156 miramur.
588 1115 699 1157 Vum
726 1117 861 1170 enim,
901 1116 1104 1170 quoniam
1133 1130 1242 1157 unus
1270 1114 1496 1157 lectionem
1527 1126 1635 1167 quae

134 1184 346 1226 sententia
385 1197 557 1239 prorsus
594 1183 855 1238 efflagitatur
898 1184 1006 1226 »nisi
1043 1186 1210 1226 nosmet
1248 1183 1330 1239 ipsi
1374 1182 1636 1224 vindicamus

134 1252 182 1293 in
221 1252 489 1294 libertatem«
530 1254 709 1308 praebet
737 1253 831 1308 (cfr.
862 1252 1033 1295 Weinh.
1064 1268 1106 1308 p.
1151 1253 1245 1303 197,
1287 1252 1435 1294 Dieck.
1480 1266 1523 1306 p.
1561 1249 1636 1305 28)

134 1323 273 1365 totum
301 1322 443 1364 locum
461 1321 523 1365 Po
554 1322 709 1364 rectius
739 1321 960 1364 tradidisse
981 1335 1113 1376 eaque
1128 1321 1179 1363 de
1204 1334 1330 1363 causa
1355 1333 1480 1375 quem
1507 1318 1637 1361 etiam

133 1393 180 1435 in
217 1388 364 1435 verbis
401 1392 472 1434 »in
513 1392 602 1434 dies
641 1392 773 1447 magis
811 1392 1056 1447 magisque«
1089 1405 1315 1446 sequamur
1343 1390 1515 1445 dignum
1547 1401 1636 1431 esse

134 1464 324 1519 apparet.
382 1460 527 1517 Atque
557 1462 722 1504 etiamsi
751 1461 997 1503 Sallustium
1027 1461 1176 1503 ceteris
1206 1461 1323 1513 loeis,
1354 1460 1508 1514 quibus
1533 1472 1637 1514 quo·

133 1529 343 1571 tidianum
382 1531 444 1572 rei
484 1530 664 1585 alicujus
699 1531 1006 1572 incrementum
1037 1531 1080 1571 et
1108 1530 1240 1571 veluti
1270 1543 1536 1584 progressum
1566 1540 1637 1570 ex-

133 1598 291 1654 primit,
332 1600 408 1640 aut
438 1599 509 1640 »in
539 1599 627 1641 dies
658 1600 819 1654 magis«
852 1598 925 1655 (H.
956 1597 1020 1640 ΙΙΙ
1049 1599 1118 1648 61,
1149 1598 1223 1654 28)
1254 1599 1329 1640 aut
1360 1598 1518 1652 ‚magis
1547 1612 1638 1640 ma-

133 1667 284 1723 gisque
323 1669 368 1709 in
409 1668 521 1710 dies«
554 1667 663 1723 (Cat.
697 1669 735 1720 5,
768 1669 806 1720 7,
837 1667 934 1722 Jug.
967 1669 1006 1716 7,
1037 1666 1081 1722 6)
1111 1668 1328 1723 scripsisse
1359 1668 1508 1722 negari
1546 1682 1634 1710 non

134 1737 290 1791 potest,
320 1738 464 1779 tamen
492 1735 597 1779 illud
628 1737 741 1792 quod
768 1737 813 1779 in
829 1736 897 1779 Vo
928 1737 1087 1793 legitur
1118 1736 1188 1778 »in
1218 1736 1305 1778 dies
1324 1736 1461 1792 magis
1478 1736 1637 1792 magis-

132 1819 241 1860 que«
273 1805 411 1848 tribus
443 1805 639 1861 Septimii
666 1807 783 1858 locis,
815 1807 968 1861 quibus
988 1806 1099 1848 idem
1113 1807 1339 1848 verborum
1361 1806 1464 1849 ordo
1485 1808 1636 1858 exstat,

132 1875 236 1918 satis
275 1890 486 1932 superque
523 1874 693 1918 defendi
725 1875 892 1918 videtur
932 1875 1008 1918 cfr.
1040 1875 1062 1918 I
1094 1876 1146 1918 19
1188 1879 1343 1932 »atque
1378 1877 1551 1919 interim
1588 1877 1635 1920 in

132 1944 222 1987 dies
267 1945 404 2001 magis
448 1945 667 2000 magisque
708 1946 937 1987 saeviens«.
998 1944 1041 1988 11
1072 1945 1096 1987 7
1138 1960 1252 1988 mare
1293 1946 1337 1987 in
1377 1945 1466 1987 dies
1505 1946 1638 2001 magis

132 2014 349 2069 magisque
378 2015 537 2055 saevire
567 2014 772 2069 occepit«.
831 2013 894 2055 III
924 2014 949 2054 3
975 2013 1129 2069 jactari
1157 2015 1299 2056 animo
1330 2016 1457 2069 atque
1481 2015 1527 2056 in
1547 2014 1636 2056 dies

132 2083 271 2139 magis
313 2085 530 2138 magisque
575 2085 765 2125 aestuare
804 2083 1051 2125 desiderio«.
1117 2083 1279 2132 Quibus
1318 2084 1422 2126 locis
1461 2085 1637 2139 quartus

131 2150 303 2206 quidam
335 2151 449 2194 haud
477 2165 651 2207 prorsus
679 2151 893 2194 dissimilis
923 2152 1084 2195 accedit
1111 2151 1152 2194 II
1175 2153 1227 2195 19
1262 2153 1399 2195 »malo
1430 2153 1636 2208 paulatim

70 2216 76 2218 ’
131 2222 270 2276 magis
298 2222 518 2276 magisque
548 2222 892 2277 ingravescente«
923 2245 982 2252 -
1004 2221 1203 2264 Forsitan
1231 2224 1443 2279 quispiam
1468 2224 1635 2277 dixerit,

133 2304 390 2345 quamquam
418 2289 510 2332 Vus
549 2292 592 2332 et
622 2290 851 2346 Septimius
895 2291 1086 2334 imitator
1124 2292 1232 2334 alter
1271 2293 1452 2336 alterum
1492 2295 1638 2338 defen-

130 2358 246 2410 dant,
276 2359 413 2402 nihilo
442 2359 583 2402 minus
611 2362 755 2402 tamen
784 2361 829 2402 in
860 2360 938 2402 tali
955 2361 1181 2403 verborum
1209 2362 1353 2406 ordine
1376 2363 1638 2408 haerendum

132 2441 234 2471 esse.
294 2429 454 2472 Tribus
497 2430 611 2472 enim
649 2430 734 2472 illis
771 2430 972 2485 loquendi
1008 2429 1200 2473 formulis
1241 2432 1314 2474 »in
1343 2433 1431 2476 dies
1458 2436 1638 2491 magis«,

134 2499 298 2555 »magis
336 2499 557 2556 magisque
597 2499 642 2542 in
677 2499 814 2551 dies«,
858 2499 928 2542 »in
954 2499 1042 2543 dies
1072 2500 1206 2555 magis
1249 2502 1495 2559 magisque«
1542 2504 1639 2548 dili-

131 2569 282 2623 genter
311 2569 423 2611 inter
452 2583 496 2610 se
526 2570 783 2626 comparatis
813 2569 938 2620 effici,
970 2571 1018 2612 ut
1047 2570 1093 2612 in
1108 2570 1248 2613 verbis
1279 2572 1349 2614 »in
1368 2573 1456 2616 dies
1471 2575 1634 2630 magis«

130 2637 176 2679 et
213 2637 260 2680 in
303 2637 443 2681 verbis
487 2638 651 2694 »magis
691 2639 911 2694 magisque
949 2639 994 2681 in
1033 2639 1146 2683 dies«
1189 2642 1424 2696 posteriore
1470 2658 1636 2700 quaque

15 2726 44 2737 κ-
132 2706 256 2762 parte
295 2707 399 2749 novi
438 2707 597 2763 aliquid
627 2708 829 2761 addatur,
859 2708 905 2750 in
935 2708 1073 2752 verbis
1102 2710 1246 2752 autem
1287 2710 1358 2753 »in
1387 2711 1477 2754 dies
1506 2714 1639 2769 magis

49 2813 60 2819 ,
86 2796 90 2799 »
92 2775 375 2830 magisque«
431 2777 614 2819 alterum
664 2778 851 2833 ›magis‹
872 2778 1107 2833 superflue
1155 2778 1375 2822 adiciatur.
1449 2780 1637 2826 Tantum

50 2878 56 2883 ,
126 2841 274 2886 tamen
287 2842 423 2897 abest,
441 2846 491 2887 ut
508 2844 736 2889 lectionem
749 2845 817 2889 Vi
820 2845 1054 2902 scripturae
1068 2845 1134 2901 Pi,
1164 2846 1283 2903 cujus
1302 2860 1436 2892 unum
1459 2851 1633 2893 tantum
