1864 3042
911 108 963 153 51

412 227 483 268 »et
517 238 565 266 ea
605 223 858 277 tempestate
897 236 993 277 spes
1035 223 1163 276 atque
1192 235 1292 276 opes
1320 224 1507 267 civitatis
1535 226 1580 267 in
1615 226 1689 268 illo

411 290 540 335 sitae“

183 362 315 404 Pum¹
336 362 505 402 secutus
533 371 623 399 esse
645 357 823 398 videtur.
883 354 996 396 Nam
1025 356 1137 409 quod
1161 357 1205 398 in
1226 357 1509 401 deterioribus
1523 361 1688 415 aliquot

181 430 302 473 libris
328 429 532 483 scriptum
563 428 627 467 est
660 439 735 467 »ea
764 425 1042 479 tempestate«
1075 426 1251 480 propter
1273 428 1479 470 minorem
1497 429 1689 471 codicum

181 512 328 540 eorum
359 495 656 538 auctoritatem
688 492 911 547 indignum
932 492 1099 534 videtur
1113 493 1226 547 quod
1242 495 1485 550 recipiatur.
1532 495 1693 539 Contra

183 566 309 609 lectio
343 579 420 607 »ex
449 575 498 606 ea
526 562 820 617 tempestate«,
852 574 980 616 quam
1011 560 1056 602 in
1085 561 1235 604 ceteris
1263 563 1307 605 G.
1339 578 1416 607 nec
1446 570 1535 607 nou
1563 566 1608 607 in
1630 563 1691 608 Po

183 636 359 689 propter
390 631 598 674 Dietschii
639 632 681 672 et
710 629 887 672 Jordani
928 629 1144 671 silentium
1175 632 1340 672 exstare
1378 634 1596 686 putamus,
1641 648 1691 675 eo

182 701 415 751 refellitur,
460 699 572 754 quod
603 699 712 754 apud
744 700 972 753 utrumque
1002 697 1260 741 imitatorem
1294 714 1397 741 ›ex‹
1431 702 1690 757 praepositio

184 772 303 813 deest
342 768 416 811 cfr.
450 769 503 810 D.
532 768 599 809 Cr.
642 768 664 808 I
703 768 759 808 44
802 781 966 821 »neque
1011 767 1208 820 cuiquam
1249 768 1448 820 dubium,
1494 770 1597 824 quin
1642 785 1690 813 ea

184 840 436 894 tempestate
467 839 545 878 tot<
569 836 754 891 egregiis
783 849 831 877 ac
862 834 1166 889 pulcherrimis>
1185 834 1274 889 ejus
1305 835 1564 879 facinoribus
1594 852 1690 893 spes

186 920 333 948 omnes
362 907 491 959 atque
521 917 622 958 opes
654 903 830 944 militiae
860 903 903 944 in
934 903 1011 944 tali
1044 903 1134 944 viro
1165 903 1459 945 sisterentur.‹
1522 904 1563 946 S.
1596 905 1689 948 Sev.

181 974 231 1026 C.
262 975 282 1017 I
314 975 380 1025 11,
419 973 445 1015 8
490 986 539 1015 ea
578 974 830 1027 tempestate
874 985 969 1026 spes
1008 973 1136 1026 atque
1176 972 1290 1014 salus
1322 973 1509 1028 Aegypti
1538 974 1584 1016 in
1615 975 1690 1016 illo

185 1045 268 1086 sita
297 1043 428 1084 erat«.
490 1041 707 1082 Facillime
738 1042 880 1081 autem
911 1040 1004 1081 fieri
1035 1040 1189 1094 potuit,
1219 1044 1280 1089 ut,
1314 1042 1424 1094 quod
1448 1042 1691 1084 Dietschius

187 1128 229 1168 p.
260 1113 315 1154 99
346 1110 582 1165 suspicatus
611 1112 687 1161 est,
716 1108 821 1150 illud
853 1110 963 1158 »et«,
995 1109 1106 1163 quod
1137 1123 1246 1150 unus
1277 1108 1361 1150 Pus
1381 1110 1394 1133 ¹
1425 1111 1615 1164 retinuit,
1644 1112 1689 1153 in

190 1196 293 1223 »ex«
325 1180 654 1233 corrumpertur.
715 1176 864 1232 Neque
902 1191 1074 1231 prorsus
1103 1177 1287 1231 intelligi
1321 1181 1482 1232 potest,
1524 1194 1609 1234 qua
1638 1181 1689 1222 de

186 1263 313 1292 causa
340 1246 563 1290 Sallustius
603 1246 653 1288 de
684 1245 820 1287 Mario
860 1246 955 1295 illo,
1001 1246 1075 1300 qui
1105 1245 1232 1300 paulo
1264 1248 1362 1301 post
1397 1248 1560 1302 patriae
1591 1263 1690 1291 suae

186 1318 371 1359 maximo
402 1316 658 1357 detrimento
690 1314 792 1363 fuit,
837 1329 914 1355 »ex
944 1328 993 1355 ea
1022 1316 1275 1368 tempestate
1305 1329 1400 1369 spes
1430 1317 1558 1369 atque
1588 1331 1690 1371 opes

186 1386 371 1430 civitatis
409 1385 451 1425 in
498 1383 574 1425 illo
605 1383 737 1425 sitae«
768 1383 904 1425 dicere
934 1382 1146 1425 maluerit.
1206 1382 1263 1424 At
1292 1384 1547 1438 particulam
1579 1387 1689 1435 »et«,

186 1468 271 1510 qua
300 1467 407 1508 quae
436 1452 481 1493 in
512 1451 858 1493 antecedentibus
888 1451 1001 1492 dicta
1036 1452 1137 1492 sunt
1177 1451 1485 1494 confirmantur
1511 1453 1615 1507 (und
1645 1454 1690 1494 in

187 1521 450 1575 Wahrheit),
482 1520 578 1561 huic
608 1520 716 1569 loco,
747 1533 832 1573 quo
863 1520 955 1560 tota
984 1520 1173 1560 narratio
1206 1519 1363 1569 finitur,
1395 1521 1555 1574 optime
1585 1535 1689 1562 cou-

187 1590 329 1633 venire
359 1602 483 1631 nemo
504 1587 693 1643 negabit.
753 1586 803 1629 Pi
817 1587 831 1610 ¹
852 1601 951 1629 vero
973 1586 1202 1629 auctoritas
1222 1600 1270 1629 eo
1286 1601 1454 1642 quoque
1469 1588 1689 1643 probatur,

187 1660 300 1714 quod
316 1659 557 1713 Septimius,
588 1658 662 1711 qui
692 1657 827 1698 altero
855 1657 1070 1698 imitatore
1100 1656 1339 1697 accuratius
1369 1657 1502 1711 ipsius
1518 1657 1692 1700 Sallusti

187 1727 314 1769 verba
343 1726 537 1775 retinuit,
568 1724 671 1767 illud
705 1726 800 1766 »et«
832 1724 1003 1780 gravius
1027 1723 1156 1766 etiam
1186 1738 1262 1779 per
1298 1739 1461 1779 »neque
1492 1725 1688 1780 cuiquam

187 1798 376 1848 dubium,
408 1796 540 1851 quin«
573 1795 781 1836 enuntiat.

299 1865 398 1907 Jam
438 1864 639 1918 quoniam
670 1862 924 1916 Septimium
963 1863 1006 1903 et
1032 1861 1232 1903 Severum
1263 1862 1315 1903 ad
1339 1862 1546 1916 judicium
1577 1864 1692 1905 codi-

186 1935 306 1976 cibus
335 1933 605 1976 Sallustianis
640 1931 925 1974 adhibendum
963 1945 1051 1972 non
1080 1931 1199 1985 parvi
1229 1932 1430 1972 momenti
1460 1945 1549 1973 esse
1579 1946 1689 1974 com-

188 2002 381 2057 pluribus
408 2001 512 2042 locis
541 2001 875 2042 demonstratum
906 2000 981 2047 est,
1013 1999 1065 2040 ad
1096 1999 1202 2040 alios
1218 1999 1421 2053 quosdam
1444 1999 1574 2049 locos,
1605 2015 1690 2054 quo

189 2071 367 2125 quisque
402 2084 492 2111 sese
521 2068 648 2111 offert
677 2068 835 2119 ordine,
865 2067 1168 2110 transeundum
1184 2067 1364 2109 videtur.
1422 2065 1611 2116 Quorum
1639 2082 1691 2110 ex

188 2139 325 2193 primo
376 2139 422 2179 in
475 2137 789 2179 hermeneutica
832 2151 1001 2191 quoque
1046 2138 1135 2178 arte
1179 2136 1410 2177 exercenda
1454 2136 1690 2179 imitatores

187 2206 380 2249 adhiberi
411 2220 532 2261 posse
563 2205 800 2261 apparebit.

827 2359 915 2400 Cat.
949 2360 987 2409 2,
1018 2361 1056 2400 9.

304 2481 487 2523 »Verum
519 2483 733 2525 enimvero
763 2483 799 2523 is
828 2482 997 2523 demum
1026 2481 1133 2522 mihi
1148 2481 1286 2521 vivere
1302 2482 1429 2533 atque
1450 2478 1535 2519 frui
1551 2480 1693 2520 anima

186 2549 373 2600 videtur,
416 2551 490 2604 qui
530 2551 672 2606 aliquo
715 2550 890 2605 negotio
920 2550 1111 2606 intentus
1150 2549 1358 2604 praeclari
1389 2547 1590 2588 facinoris
1620 2550 1694 2588 aut

185 2619 290 2658 artis
320 2619 458 2659 bonae
489 2620 645 2660 famam
677 2620 882 2672 qaaerit«
965 2608 970 2612 ”

299 2685 393 2727 Viri
433 2686 570 2734 docti,
612 2687 714 2741 quid
753 2687 805 2728 ad
846 2688 1005 2742 scripta
1036 2686 1210 2728 Sallusti
1251 2682 1575 2738 interpretanda
1605 2694 1694 2722 sese

183 2754 476 2803 contulerunt,
528 2757 658 2796 verba
701 2756 871 2810 »aliquo
918 2757 1118 2810 negotio«
1166 2755 1216 2796 ad
1258 2767 1402 2795 vocem
1444 2752 1691 2792 »intentus«

184 2821 398 2877 pertinere
428 2825 609 2877 negant;
642 2824 886 2866 »intentus«
919 2826 1029 2867 enim
1062 2839 1146 2866 non
1167 2823 1368 2879 conjungi
1395 2834 1492 2863 cum
1509 2819 1694 2861 ablativo

1347 2895 1396 2930 5*
