1864 3042
863 144 920 190 45

125 253 380 304 cfflverum
407 279 466 291 —-
491 254 603 300 Did.
635 255 702 301 Gr.
730 256 776 301 Π
805 259 833 301 4
868 259 953 303 diei
995 259 1258 317 plerumque.
1317 259 1363 304 II
1392 261 1419 304 6
1449 260 1633 305 multum

127 322 427 381 gratulationis
469 326 753 384 laetitiaeque.
825 327 868 371 11
914 329 965 372 16
1016 328 1192 373 dimidio
1242 328 1456 373 fructuum
1500 331 1629 388 pacti.

131 394 177 438 11
195 395 248 437 16
278 397 447 451 argenti
476 400 683 452 quantum
705 398 808 440 satis
823 398 1059 441 videbatur.
1113 399 1158 442 11
1173 400 1228 442 45
1258 400 1471 456 reliquum
1485 401 1639 444 noctis.

135 463 197 508 111
227 465 251 507 7
291 465 474 509 multum
512 467 610 510 diei.
668 466 730 510 IV
760 469 786 510 6
825 468 1036 524 reliquum
1075 469 1226 512 noctis.
1286 469 1349 513 IV
1383 472 1434 514 16
1474 471 1640 527 argenti

135 536 343 590 quantum
398 567 408 577 .
441 567 452 577 .
483 539 566 587 est,
613 535 676 578 VI
706 537 731 578 8
763 539 916 580 cuncta
945 537 1094 580 domus
1128 537 1421 594 fortunaeque.
1480 541 1521 585 S.
1551 541 1638 586 Sev.

134 603 167 646 C
199 604 221 646 I
254 605 320 658 17,
361 607 387 648 6
426 605 512 648 ima
550 606 720 648 montis.
778 607 801 649 Ι
830 607 899 658 40,
941 608 970 650 4
1013 608 1154 651 minus
1182 623 1403 652 annorum.
1463 609 1579 662 143,
1610 612 1638 654 4

133 672 335 729 pusillum
374 674 470 717 olei.
537 674 581 717 II
616 678 681 728 11,
725 678 744 716 1
787 676 972 718 medium
1012 677 1245 720 machinae.
1303 678 1344 720 11
1376 679 1441 730 15,
1485 681 1511 722 9
1550 681 1636 723 ima

131 744 356 786 montium.
425 744 469 786 II
509 745 587 796 21,
636 745 660 787 7
708 745 890 788 multum
933 747 1047 789 anni.
1123 746 1165 789 II
1205 748 1282 800 43,
1329 749 1355 789 2
1398 750 1636 794 vastissima

129 814 362 856 ruinarum.

247 893 295 947 b)
318 893 584 947 pronomina.
644 893 735 936 cat.
766 894 806 946 5,
837 896 877 937 6.
918 896 986 946 20,
1021 897 1084 937 13.
1126 897 1195 949 23,
1227 898 1267 939 2.
1313 899 1380 949 29,
1412 899 1451 942 2.
1493 903 1561 952 41,
1597 904 1631 944 1.

129 964 198 1015 45,
228 964 267 1005 3.
327 964 396 1016 47,
433 965 467 1005 1.
524 964 591 1013 52,
623 965 690 1006 34.
751 963 848 1019 Jug.
886 966 949 1017 14,
984 956 1047 1008 16.
1108 968 1177 1018 41,
1210 968 1249 1010 9.
1303 969 1371 1021 53,
1401 970 1440 1012 6.
1489 971 1558 1022 63,
1591 975 1630 1016 6.

130 1032 197 1085 72,
237 1031 278 1075 2.
340 1031 406 1084 75,
439 1031 477 1074 7.
552 1032 646 1085 102,
680 1033 717 1075 1.
785 1032 840 1076 H.
872 1033 894 1076 Ι
924 1034 993 1085 41,
1038 1035 1103 1089 15,
1141 1034 1162 1076 1
1192 1036 1260 1087 48,
1292 1038 1359 1077 22.
1418 1038 1463 1079 Π
1493 1041 1560 1091 41,
1590 1042 1629 1083 9.

126 1102 238 1155 pict.
269 1101 335 1144 cr.
365 1103 387 1143 1
417 1103 455 1153 8,
487 1102 532 1143 11
561 1103 630 1143 24.
689 1101 731 1143 11
761 1103 829 1144 37.
888 1102 951 1145 111
981 1104 1049 1145 21.
1103 1104 1169 1146 111
1198 1105 1268 1147 24.
1311 1104 1373 1149 IV
1406 1108 1470 1149 16.
1516 1108 1558 1152 V
1588 1110 1628 1152 2.

126 1171 167 1216 S.
197 1170 283 1217 sev.
314 1169 359 1214 c.
388 1170 412 1213 1
447 1170 510 1223 17,
553 1173 590 1212 7.
650 1169 670 1212 1
699 1171 768 1223 29,
811 1171 849 1214 7.
907 1170 927 1214 Ι
957 1171 1025 1224 54,
1065 1172 1105 1215 2.
1164 1172 1207 1215 11
1240 1175 1277 1225 1,
1316 1175 1355 1216 3.
1415 1175 1458 1218 11
1491 1177 1555 1230 15,
1587 1179 1627 1232 9,

399 1242 431 1282 t.

122 1241 167 1283 Π
195 1243 460 1352 261301513ἷέωο
491 1309 619 1351 etiam
648 1309 746 1364 post
775 1307 997 1351 adverbia:
1037 1310 1215 1362 abunde,
1246 1311 1422 1365 affatim,
1461 1328 1525 1368 eo,
1555 1316 1626 1359 1110

122 1380 263 1430 nimis,
305 1380 473 1435 partim,
515 1393 679 1433 parum,
724 1378 839 1428 satis,
880 1380 994 1430 tunc,
1032 1380 1106 1421 ubi
1135 1382 1201 1422 cet
1229 1396 1316 1423 non
1348 1384 1484 1439 magis
1513 1386 1626 1440 apud

121 1451 260 1506 ipsum
282 1448 530 1492 Sallustium
559 1461 688 1503 quam
716 1447 829 1503 apud
857 1447 1115 1491 imitatorem
1137 1450 1363 1505 utrumque
1383 1453 1626 1508 saepissime

120 1521 360 1577 genitivum
389 1519 508 1574 sequi
537 1532 887 1561 commemorasse
917 1520 1087 1562 tantum
1117 1519 1314 1563 sufficiat.

743 1691 771 1735 J
773 1706 843 1749 ug.
874 1692 941 1745 24,
974 1692 1013 1734 2.

230 1824 281 1869 In
311 1825 492 1882 epistola
521 1823 777 1867 Adherbalis
806 1824 988 1881 legitur:

233 1895 361 1938 »Non
391 1909 485 1937 mea
514 1894 640 1950 culpa
670 1908 796 1949 saepe
827 1894 880 1935 ad
909 1908 983 1936 vos
1014 1896 1179 1937 oratum
1195 1895 1333 1949 mitto,
1361 1899 1503 1953 patres
1519 1911 1621 1942 con-

113 1966 275 2023 scripti,
306 1966 378 2009 sed
408 1965 471 2008 vis
500 1963 738 2020 Jugarthae
768 1963 965 2018 subigit«

227 2046 318 2090 Hoc
359 2047 452 2089 loco
496 2060 592 2088 cum
632 2059 741 2087 unus
769 2043 860 2087 Vus
894 2044 998 2086 »ad«
1039 2046 1401 2102 praepositionem
1432 2047 1614 2099 omittat,

113 2117 187 2173 qui
226 2117 270 2159 in
310 2116 431 2158 libris
461 2114 638 2158 Sallusti
665 2114 902 2156 tractandis
930 2114 1087 2157 versati
1123 2117 1223 2157 sunt
1252 2115 1358 2158 alius
1391 2115 1519 2158 aliam
1548 2130 1617 2159 ra·-

109 2187 270 2230 tionem
298 2185 499 2228 inierunt.
558 2183 772 2227 Jordanus
802 2183 916 2226 enim
946 2185 1073 2239 atque
1096 2185 1224 2226 etiam
1239 2184 1483 2227 Dietsehius
1505 2184 1614 2227 Pum

107 2258 367 2313 sequuntur-3
398 2256 547 2298 contra
576 2254 780 2296 Dieckuis
810 2269 851 2309 p.
879 2253 932 2296 50
964 2253 1079 2297 Vum
1107 2269 1270 2297 summo
1300 2254 1439 2297 studio
1469 2254 1615 2298 defen-

107 2326 193 2377 dit3
224 2324 505 2369 Weinholdus
534 2324 716 2380 denique
746 2337 917 2365 auream
941 2323 1059 2365 illam
1085 2323 1262 2378 diligens
1278 2324 1614 2367 mediocritatem

107 2394 223 2438 hunc
251 2395 392 2438 locum
421 2408 568 2438 eorum
597 2393 715 2445 facit,
747 2393 901 2449 quibus
931 2395 1073 2435 utrum
1094 2392 1208 2435 Vum
1239 2407 1294 2435 an
1324 2392 1432 2435 Pum
1462 2407 1612 2449 sequa-

105 2478 201 2508 mur
230 2464 410 2508 discerni
448 2477 537 2506 non
568 2463 713 2519 possit.
773 2461 864 2505 Nos
893 2463 939 2504 in
969 2464 1092 2504 tanta
1121 2464 1427 2506 sententiarum
1456 2464 1612 2507 discre-

104 2535 276 2590 pantia,
321 2548 416 2576 cum
456 2534 539 2575 loci
578 2547 603 2574 a
643 2532 824 2575 Dieckio
868 2532 1094 2588 perscripti
1132 2532 1185 2574 ad
1224 2533 1480 2575 sententiam
1518 2533 1610 2588 ejus

102 2603 460 2661 comprobandam
498 2603 637 2645 minus
675 2602 765 2658 apti
805 2616 892 2644 esse
932 2601 1174 2654 videantur,
1217 2616 1378 2644 morem
1416 2605 1609 2645 nostrum

105 2674 239 2717 secuti
290 2674 343 2717 ad
396 2673 630 2716 imitatores
674 2671 1007 2733 confugiendum
1051 2686 1140 2714 esse
1187 2671 1454 2715 arbitramur.
1514 2672 1606 2715 Abs

102 2742 255 2798 quibus
295 2743 407 2799 quod
447 2757 534 2785 non
563 2742 832 2785 destituimur
862 2741 1107 2798 gaudemus,
1147 2755 1241 2783 cum
1271 2741 1369 2784 inde
1400 2756 1492 2784 eam
1522 2755 1607 2797 qua

102 2809 339 2868 imitatores
377 2811 658 2854 Sallustianos
698 2811 953 2854 contulimus
991 2811 1243 2853 industriam
1288 2810 1402 2853 haud
1444 2811 1605 2854 frustra

111 2881 360 2925 collocatam
389 2897 479 2926 esse
497 2884 673 2926 eluceat.
719 2878 829 2933 Quid
845 2883 1010 2926 multa?
1062 2881 1294 2938 Septimius
1308 2881 1365 2925 Vi
1379 2883 1606 2926 lectionem
