1864 3042
877 148 936 192 36

284 257 386 304 Sall.
419 260 510 304 Cat.
788 261 903 306 Dict.
933 261 1002 306 Cr.
1325 261 1369 306 S.
1399 261 1495 307 Sev-

368 366 428 402 33.

172 412 209 458 1)
230 412 368 455 legatos
395 412 444 448 sd
466 409 641 448 usi-sium
679 414 730 452 IV
746 416 792 450 10
811 413 965 452 &dmm
981 417 1019 451 st
1030 414 1149 452 Achil-

145 460 284 506 Regem
307 460 424 496 mittit
446 470 529 496 cum
545 469 638 494 mm·
656 462 728 497 lem
751 473 860 508 super
875 464 1055 508 Polyxena
1068 475 1149 500 cum

148 507 244 543 datis
268 507 418 590 hujussscz
440 505 542 543 modi
656 509 834 547 mandatis
857 511 971 546 mittit

172 601 210 646 2)
239 612 278 637 se
308 600 409 637 falsis
432 599 642 637 criminibus
1186 603 1224 639 M
1250 604 1284 644 6,
1316 603 1340 639 4
1374 601 1566 648 multisqiie
1595 599 1658 638 ad·

145 648 431 684 circumventum
457 672 466 682 .
490 672 498 683 .
528 674 537 683 .
570 647 641 682 sor·
1163 650 1297 686 fecmm
1328 650 1467 696 injuriis
1503 649 1550 685 de
1572 648 1657 686 civi-

144 698 254 733 tunso
277 697 418 738 cedere,
446 694 641 731 Massiliam
1161 701 1237 734 tate
1270 697 1486 734 exturbavit.
1529 695 1658 733 ceden-

143 743 183 778 in
206 744 353 779 exilium
376 743 556 789 proficisci
1158 746 1246 781 dum
1270 746 1391 791 itaque
1420 745 1578 790 tempori
1601 755 1657 780 ar-

361 791 420 826 35·
598 835 605 843 .
1161 793 1316 829 bitrstus
1339 792 1387 830 md
1411 820 1421 830 .
1439 818 1449 828 .
1477 818 1487 829 .
1507 791 1657 829 secessit

167 839 205 880 2)
235 837 375 893 injuriis
399 836 639 874 contumeliis·
687 852 723 887 11
764 854 807 888 21
849 852 986 898 injuriis
1023 853 1145 887 contu-

144 896 216 932 ‘100
240 889 444 967 00⁰0¹t3¹3t4¹3¹⁸
653 899 838 945 meliisque
861 900 959 936 laesa

167 978 207 1024 4)
231 988 322 1023 quae
340 979 459 1024 prinis
469 976 639 1014 mortales
1182 979 1214 1015 D
1239 979 1256 1014 Ι
1280 980 1324 1022 5,
1359 979 1382 1015 5
1413 990 1505 1025 quse
1534 978 1654 1026 prima

141 1029 274 1071 putant
366 1071 410 1107 87
1158 1027 1330 1063 mortales
1354 1029 1484 1072 putant
1505 1037 1584 1063 esse

168 1119 205 1165 3)
228 1130 315 1155 nam
337 1128 480 1164 semper
499 1117 538 1152 in
555 1116 637 1153 civi·
742 1108 755 1118 ’
1182 1119 1209 1156 C
1232 1120 1250 1155 Ι
1277 1121 1335 1165 32,
1368 1122 1390 1157 3
1414 1131 1516 1157 more
1539 1118 1652 1166 vulgi,

140 1168 217 1202 tate
248 1167 378 1212 quibus
401 1177 488 1211 opes
518 1165 638 1199 nullae
1158 1168 1216 1203 cui
1253 1169 1456 1213 praesentia
1494 1168 1653 1212 fastidio,

141 1217 225 1250 sunt
251 1240 260 1250 .
287 1239 296 1249 .
325 1240 333 1249 .
362 1219 485 1250 vetera
516 1212 637 1253 odere,
1157 1215 1298 1252 insueta
1321 1215 1500 1253 desiderio
1522 1218 1606 1252 sunt

140 1272 235 1299 nova
258 1264 432 1308 exoptant

168 1354 636 1401 1)hominessdulescentes‚
1187 1355 1215 1391 C
1249 1355 1285 1390 11
1321 1357 1366 1391 41
1380 1383 1389 1401 ,
1425 1357 1447 1391 7
1488 1353 1653 1390 homines

138 1403 270 1449 quibus
299 1407 398 1440 setas
429 1402 637 1445 animusque
1155 1403 1412 1447 adulescentes,
1429 1414 1558 1448 parum
1569 1402 1653 1439 doc-

139 1453 240 1486 ferox
265 1454 344 1486 erat
1155 1452 1185 1486 ti
1210 1455 1246 1486 et
1269 1462 1398 1497 parum
1422 1451 1520 1486 cauti

160 1498 213 1534 ita
223 1498 293 1544 ipsi
303 1497 392 1534 clari
401 1499 636 1543 potentesque
673 1495 708 1530 11
735 1497 779 1531 19
815 1495 926 1541 igitur
962 1522 969 1529 .
998 1522 1007 1532 .
1032 1520 1041 1529 .
1075 1494 1142 1540 ipsi

648 1544 740 1580 clari
763 1546 872 1590 atque
896 1541 1080 1590 magnifici

163 1593 369 1639 exagitare,
397 1591 530 1628 deinde
555 1616 564 1626 .
591 1616 599 1625 .
627 1616 636 1625 .
1179 1591 1206 1628 C
1231 1592 1266 1627 11
1296 1593 1365 1636 46,
1403 1593 1425 1628 9
1462 1591 1651 1636 lacessens,

138 1641 255 1688 magis
277 1639 472 1676 incendere
1157 1639 1271 1674 facem
1296 1665 1305 1675 .
1323 1665 1332 1675 .
1348 1665 1358 1676 .
1381 1639 1546 1676 incendio
1569 1639 1652 1675 sub·

1157 1686 1250 1724 didit

166 1782 201 1829 1)
224 1781 255 1818 si
276 1782 403 1828 possit,
424 1778 635 1827 inpellstsd
673 1780 691 1815 1
716 1781 760 1816 18
794 1791 910 1826 neque
934 1804 944 1814 .
969 1805 979 1816 .
1006 1805 1014 1815 .
1043 1778 1142 1816 inlici
1180 1780 1207 1817 C
1237 1780 1255 1816 Ι
1287 1782 1346 1826 44,
1384 1781 1406 1816 3
1443 1779 1588 1826 regibus
1610 1779 1650 1815 in

138 1831 350 1867 societatem
374 1829 463 1866 belli
648 1828 780 1874 quivit,
833 1830 885 1865 uti
932 1828 1141 1864 societatem
1157 1829 1365 1866 societatem
1390 1828 1480 1865 belli
1502 1827 1625 1866 ascitis

649 1876 799 1912 militiae
823 1879 966 1912 nostrae
981 1886 1140 1920 sequere-

649 1928 708 1960 tur

163 1971 203 2017 2)
235 1981 342 2016 quem
365 1969 502 2005 exitum
526 1968 636 2005 tantis
672 1972 704 2009 V
732 1974 749 2007 1
776 1971 855 2016 quis
878 1969 1007 2007 modus
1031 1968 1142 2005 tantis

142 2019 249 2054 malis
271 2020 459 2064 sperarent
648 2019 752 2055 malis
775 2017 876 2054 fieret

163 2067 200 2110 8)
232 2067 385 2101 miseriis
418 2064 490 2100 suis
521 2074 634 2099 reme·
1178 2063 1205 2100 C
1220 2063 1238 2100 1
1254 2065 1289 2106 4,
1314 2065 1336 2101 3
1361 2075 1432 2110 quo
1457 2063 1649 2111 absumpto

140 2113 240 2149 dium
265 2116 422 2148 mortem
445 2114 635 2156 expectare
1155 2137 1164 2147 .
1190 2137 1200 2148 .
1227 2138 1237 2148 .
1258 2114 1412 2148 mortem
1443 2114 1652 2158 expectaret

161 2162 198 2205 6)
224 2161 357 2196 deinde
377 2170 439 2195 eos
454 2159 635 2205 pollicitos
671 2160 706 2196 11
729 2160 776 2196 48
800 2158 912 2206 igitur
925 2157 980 2194 liis
991 2168 1137 2205 operam

136 2219 284 2254 opernm
340 2219 442 2243 susm
485 2206 632 2242 domum
648 2219 749 2243 susm
780 2206 1035 2253 pollicentibus
1070 2206 1139 2242 itu-

136 2256 291 2293 dimittit
393 2304 414 2340 3
647 2253 1066 2292 rumssuns...sit

179 2351 216 2396 1)
254 2351 412 2395 bellique
459 2347 631 2385 invidiam
1177 2347 1204 2383 C
1238 2346 1275 2382 II
1308 2348 1373 2392 29,
1417 2349 1433 2383 1
1470 2345 1657 2385 invidiam·

138 2398 278 2435 consuli
300 2399 491 2444 inponeret
1152 2394 1308 2430 incendii
1325 2395 1363 2429 in
1384 2421 1392 2430 .
1407 2418 1417 2428 .
1433 2422 1442 2431 .
1465 2399 1650 2441 retorque·

1152 2442 1228 2478 bet.
1252 2441 1288 2476 11
1313 2443 1379 2487 39,
1416 2444 1437 2478 5
1468 2445 1509 2478 ut
1532 2442 1649 2479 omnis

360 2492 418 2527 44.
1151 2488 1287 2526 invidia.
1310 2489 1348 2524 in
1370 2500 1458 2536 rege
1481 2493 1577 2526 esset

163 2538 200 2585 3)
228 2538 314 2576 data
342 2542 451 2584 atque
482 2537 633 2581 accepta
667 2550 702 2586 11
730 2552 774 2587 16
797 2550 887 2587 dant
909 2549 1018 2587 fidem
1038 2549 1138 2596 pacis

132 2585 206 2622 fide
312 2634 319 2642 ‚
491 2632 498 2640 ,
646 2602 752 2643 atque
775 2599 822 2634 ab
848 2610 891 2635 eo
916 2598 1099 2644 accipiunt
1532 2630 1540 2638 ,
1619 2630 1627 2639 ,

159 2635 198 2680 5)
222 2634 427 2670 consideres
441 2633 527 2679 quid
548 2635 632 2667 tuae
1174 2630 1201 2665 C
1225 2629 1243 2665 Ι
1270 2631 1310 2676 1,
1341 2631 1365 2666 4
1399 2641 1473 2666 non
1504 2629 1646 2677 pigebit

134 2682 293 2718 rationes
312 2683 510 2728 postulent.
535 2679 631 2715 suxi-
1150 2677 1274 2722 fateri,
1306 2689 1384 2722 me,
1415 2677 1530 2715 sicubi
1552 2677 1646 2714 ratio

133 2729 224 2765 lium
254 2734 358 2776 petas
380 2730 434 2765 ab.
454 2728 631 2770 omnibus,
1150 2726 1291 2771 exegit,
1328 2751 1337 2760 .
1364 2752 1373 2761 .
1399 2751 1408 2761 .
1442 2736 1546 2761 nsum
1570 2735 1647 2762 esse

136 2778 249 2814 etism
273 2779 320 2814 ab
345 2776 477 2813 infimis
1150 2772 1333 2809 historicis
1348 2771 1623 2810 munditialibns

160 2874 198 2919 4)
225 2875 341 2911 multa
370 2900 379 2911 .
405 2900 414 2910 .
440 2900 449 2910 .
474 2870 632 2907 obtesta·
1172 2867 1200 2903 C
1224 2867 1242 2902 1
1274 2869 1309 2912 9,
1340 2868 1364 2904 4
1398 2867 1551 2904 multum
1583 2865 1651 2904 ob-

133 2924 193 2960 tus
1149 2917 1301 2952 testatus
