1864 3042
871 62 925 111 18

263 170 365 217 Sall.
396 171 498 229 Jug.
784 176 899 219 Dict.
932 176 1001 219 Cr.
1185 163 1191 168 ,
1313 179 1355 222 S.
1385 179 1480 224 Sev.

353 279 413 315 37.

157 324 195 370 4)
219 325 370 361 saevitia
394 325 569 370 temporis
663 327 714 364 VI
739 329 761 363 8
786 329 935 364 saevitia
959 329 1088 364 hiemis

156 381 272 416 neque
306 373 388 418 capi
419 383 533 418 neque
564 372 625 407 ob·
1172 371 1199 407 C
1216 372 1233 406 I
1252 375 1309 418 22,
1335 375 1357 408 4
1375 373 1550 420 oppidum
1575 399 1584 409 .
1604 399 1613 410 .
1635 399 1644 409 .

131 417 242 454 sideri
264 423 409 465 poterat
1149 430 1262 464 neque
1297 422 1554 467 expugnationi
1582 433 1642 458 ne·

1147 478 1214 511 que
1239 468 1417 504 obsidioni
1441 469 1546 504 facile

154 556 193 599 5)
216 514 548 602 perculstigtumultu
573 560 625 595 in·
661 555 695 590 II
721 558 766 591 42
792 557 910 592 territi
943 560 1049 603 atque
1081 558 1131 592 in-

128 604 236 639 solito
639 603 781 646 proviso
815 606 990 640 tumultu·
1010 616 1132 639 exsan-

154 700 191 742 9)
226 712 424 736 memorem
454 701 621 736 humana·
639 661 736 732 gIUZS3
755 699 991 752 bumanarurn
1008 710 1128 733 rerum

127 757 209 782 rum
232 758 356 783 rerum
637 750 887 780 necessitatem
922 757 1041 781 animo
1076 757 1128 780 re-

637 796 766 838 putans

158 889 194 932 1)
230 891 285 923 set
316 844 454 924 ιιξίςλθε,
485 889 621 924 Romae
659 887 732 922 118
753 887 813 921 ubi
825 886 870 922 de
883 885 1128 931 conjuratione
1168 885 1194 919 C
1218 885 1234 918 I
1252 887 1310 924 20.
1335 886 1357 920 6
1381 883 1476 929 quod
1493 879 1556 916 ubi
1573 891 1636 926 po-

126 940 303 982 conperta
351 940 452 980 sunt,
505 941 621 972 metus
637 962 644 970 .
672 962 680 970 .
707 961 715 970 .
747 935 844 980 apud
869 934 1015 980 Trojam
1047 944 1127 968 con·
1144 933 1226 979 pulo
1242 936 1481 978 compertum,
1503 939 1637 974 magna

125 986 231 1037 atque
265 996 407 1020 maeror
434 986 619 1021 civitatem
636 988 777 1027 pertum
802 988 866 1026 est,
890 989 1006 1016 metus
1023 986 1127 1024 atque
1144 986 1278 1016 mentes
1303 981 1463 1015 omnium
1482 977 1635 1013 formido

125 1041 290 1066 invasere
636 1041 776 1064 maeror
811 1029 995 1065 universos
1032 1028 1334 1062 iuva-incesserat
1382 1037 1493 1071 eoque
1546 1023 1634 1058 mali

634 1089 710 1113 sere
1143 1080 1298 1115 ventum,
1323 1077 1364 1110 ut
1609 1117 1616 1125 ⁸

147 1124 185 1168 5)
210 1125 376 1170 persequi
402 1151 411 1160 .
430 1151 438 1160 .
466 1149 475 1158 .
500 1126 619 1161 animo
1163 1125 1201 1158 M
1228 1126 1293 1165 25,
1328 1124 1345 1156 1
1384 1120 1536 1156 ardebat
1559 1130 1634 1154 am·

123 1171 276 1206 ardebat
1142 1182 1219 1204 mus
1246 1197 1254 1205 .
1282 1195 1290 1204 .
1317 1195 1325 1203 .
1349 1169 1506 1204 scribere

146 1229 364 1263 quamquam
377 1220 619 1264 persequi...
1163 1218 1189 1252 C
1223 1217 1258 1251 11
1295 1217 1362 1259 49,
1404 1216 1424 1249 5
1465 1215 1517 1248 ita
1553 1214 1632 1247 tum

122 1266 243 1300 animo
268 1266 431 1311 ardebat,
465 1267 619 1312 cognitis
1139 1265 1293 1299 Ithacius
1317 1263 1453 1306 statuit,
1475 1262 1561 1296 licet
1578 1271 1631 1294 re-

122 1312 297 1348 militibus
332 1340 339 1348 .
369 1340 378 1349 .
403 1339 412 1348 .
442 1325 485 1348 ex
517 1315 619 1359 copia
1141 1313 1204 1346 bus
1237 1311 1372 1353 dubiis,
1413 1309 1498 1344 novi
1533 1309 1631 1352 inpe-

120 1370 241 1395 rerum
274 1361 401 1396 statuit
436 1361 506 1397 sibi
530 1362 619 1397 nihil
1137 1360 1264 1394 ratoris
1321 1359 1515 1393 adventum
1572 1366 1630 1389 ex-

122 1408 337 1454 agitandum
1139 1411 1298 1451 pectare:
1325 1405 1470 1440 interim
1489 1402 1556 1438 sibi
1574 1402 1630 1437 ni-

1137 1455 1187 1489 hil
1212 1453 1424 1498 agitandum

144 1547 181 1591 5)
205 1549 247 1582 ut
262 1557 369 1591 saepe
390 1572 398 1580 .
413 1573 422 1581 .
438 1573 458 1592 .,
485 1547 537 1582 sic
554 1573 562 1582 .
583 1573 614 1582 ..
1159 1548 1184 1582 C
1217 1548 1234 1581 I
1266 1549 1324 1590 24,
1358 1546 1380 1580 2
1416 1548 1457 1580 ut
1487 1555 1629 1590 semper

117 1594 314 1639 plebemex
328 1594 493 1628 secundis
507 1595 614 1629 rebus
1135 1594 1211 1629 fieri
1245 1593 1407 1628 secundis
1442 1592 1547 1626 rebus
1572 1603 1627 1627 so·

116 1642 308 1678 insolentia
331 1645 478 1687 ceperat
1136 1643 1194 1687 let,
1231 1653 1370 1676 morum
1404 1640 1628 1686 disciplinae·

1132 1701 1200 1733 que
1224 1699 1415 1724 immemor

141 1783 163 1816 2
190 1784 227 1816 et
253 1782 289 1827 3)
322 1785 438 1818 metus
474 1781 613 1818 hostilis
1156 1783 1222 1818 CI
1256 1785 1320 1828 32,
1356 1784 1375 1817 3
1409 1781 1472 1816 sed
1504 1781 1626 1816 hostili

115 1827 414 1864 inbonisartibus
428 1830 612 1864 civitatem
1130 1834 1226 1864 metu
1274 1832 1413 1864 remoto
1461 1829 1625 1863 secundis

116 1876 308 1912 retinebat.
364 1877 426 1912 Set
455 1878 518 1912 ubi
551 1878 612 1912 ina
1129 1878 1397 1923 tranquillisque
1414 1877 1531 1917 rebus,
1549 1887 1625 1912 cor-

114 1923 272 1958 formido
321 1925 517 1959 mentibus‘
550 1925 611 1959 de·
1130 1928 1242 1969 ruptis
1291 1924 1467 1964 consiliis,
1522 1934 1624 1958 more

116 1971 237 2010 cessit,
252 1970 541 2016 sciliceteaquae
554 1984 611 2006 res
1131 1973 1252 2017 vulgi,
1311 1972 1368 2006 cui
1420 1970 1624 2015 praesentia

114 2018 291 2053 secundae
306 2022 440 2058 amant.
466 2020 610 2053 lascivis
1131 2020 1286 2064 fastidio,
1301 2018 1437 2053 insueta
1446 2018 1623 2054 desiderio

113 2069 222 2110 atque
245 2066 414 2110 superbia
438 2066 609 2101 invasere.
1130 2071 1212 2103 sunt
1238 2093 1246 2102 .
1274 2092 1282 2101 .
1309 2093 1317 2101 .
1346 2065 1576 2101 desiderabat

112 2112 170 2148 Ita
193 2113 290 2157 quod
315 2114 352 2147 in
371 2113 531 2148 advorsis
556 2126 608 2148 re-

112 2159 181 2195 bus
229 2162 442 2204 optaverant
483 2162 607 2195 otium.

110 2210 305 2253 postquam
352 2208 475 2252 adepti
516 2212 607 2243 sunt.

110 2255 270 2299 asperius
294 2256 527 2300 acerbiusque
543 2256 609 2290 suit

147 2302 183 2344 7)
221 2313 416 2346 paucorum
457 2303 607 2337 arbitrio
644 2309 676 2344 V
709 2310 731 2343 6
766 2310 901 2355 quippe
937 2312 997 2356 qui
1032 2324 1112 2348 0011-
1152 2302 1183 2336 D
1217 2301 1234 2335 Ῑ
1274 2303 1334 2341 10,
1381 2303 1397 2335 1
1436 2301 1526 2337 nihll
1556 2312 1620 2337 8110

111 2347 200 2384 belli
216 2349 384 2393 domique
401 2350 606 2395 agitabatur
621 2357 750 2401 tempti
768 2359 979 2403 disjectique
995 2360 1041 2395 ab
1059 2372 1110 2395 re·
1128 2348 1277 2384 arbitrio
1303 2359 1410 2394 agere

620 2404 712 2449 gulis
730 2405 881 2441 arbitrio
898 2407 1013 2444 alieno
1031 2420 1110 2454 age—

618 2456 699 2487 rent

133 2489 169 2534 9)
193 2489 270 2527 Sine
286 2490 395 2528 modo
412 2491 603 2528 modestia·
641 2500 674 2534 11
701 2499 747 2535 38
770 2500 847 2536 sine
871 2501 980 2538 modo
1004 2506 1112 2548 atque

133 2548 177 2572 ΠΘ
689 2548 694 2554 “
1477 2558 1488 2572 ι
1655 2564 1670 2575 ς

108 2549 292 2629 qpolluere
317 2588 354 2621 et
371 2589 510 2623 vastare
528 2599 602 2623 om·
618 2547 745 2583 ordine
1150 2584 1175 2619 C
1214 2584 1249 2619 II
1287 2587 1353 2630 46,
1400 2588 1416 2621 1
1460 2586 1618 2631 pollutae

104 2632 166 2667 nia
1125 2632 1294 2686 ecclesiae
1334 2635 1384 2667 et‘
1411 2635 1619 2678 perturbata.

1126 2690 1246 2714 omnia

324 2727 383 2761 42.

142 2770 180 2816 4)
221 2772 333 2818 igitur
373 2785 414 2810 ea
454 2773 603 2810 victoria
1150 2773 1176 2809 G
1202 2773 1219 2807 I
1237 2775 1295 2819 23,
1322 2773 1343 2808 ὅ
1368 2773 1405 2809 in
1430 2785 1472 2809 ea
1494 2785 1618 2820 pugna
