1864 3042
863 53 922 99 40

279 165 380 211 Sall.
412 167 506 212 Cat.
786 170 900 214 Dict.
929 171 998 213 Cr.
1323 169 1366 214 S.
1396 169 1496 215 Sev.

138 271 260 309 nando
307 273 429 310 locum
479 277 637 321 ceperat,
649 277 820 322 ceperat,
876 275 1028 313 caedere
1074 277 1145 314 siu-

141 330 224 356 eum
251 322 503 368 ..tegebat
651 324 754 367 gulos

167 368 202 411 3)
227 347 414 404 Catilina.
442 395 450 404 .
474 396 484 405 .
517 380 636 414 reper-
673 371 725 407 IV
751 373 773 407 8
805 370 1069 407 Penthesileam
1093 372 1144 408 vi·

141 416 199 449 tus
223 417 290 459 est,
315 415 502 461 paululum
527 417 635 452 etiam
649 428 727 453 sere
774 418 989 454 seminecem
1035 418 1144 455 etiam

141 461 281 507 spirans
306 462 546 509 ferociamque
560 464 636 499 aui·
648 476 744 501 nunc
803 465 1043 512 admiratique
1100 478 1145 503 au

140 508 194 544 mi
209 520 317 554 quam
333 509 510 546 habuerat
523 510 635 558 vivos,
649 512 791 549 daciam

139 555 179 591 in
202 556 303 592 voltu
326 557 485 593 retinens

164 602 203 647 8)
226 603 332 639 multi
354 607 497 648 autem,
530 605 592 651 qui
616 617 636 642 e
1181 608 1240 646 01
1260 611 1315 666 16
1329 609 1352 646 5
1368 612 1514 656 postero
1530 610 1653 646 autem

141 651 269 687 castris
290 677 299 686 .
315 678 324 688 .
343 656 636 707 ..processerant
1036 699 1039 702 .
1158 656 1218 693 die
1255 622 1548 696 animadvertunt
1586 656 1654 706 qui

180 725 190 735 .
218 725 227 735 .
250 701 481 746 reponebant
1157 707 1260 789 laxi?
1306 709 1424 743 castra
1470 715 1654 753 processe·

256 1218 372 1263 Haec
400 1219 620 1264 sufficiant
647 1221 700 1263 ad
724 1235 860 1276 genus
879 1222 1133 1265 imitationis
1149 1223 1327 1267 Sallusti
1352 1224 1654 1268 illustrandum

141 1290 354 1345 certisque
384 1288 725 1331 adumbrandum
755 1290 925 1333 finibus.
987 1291 1131 1346 Atque
1161 1292 1236 1335 ubi
1259 1293 1402 1335 omnia
1422 1307 1529 1349 quae
1550 1308 1652 1337 con-

141 1358 321 1410 tulimus
372 1359 628 1414 perscrutati
678 1359 856 1411 erimus,
913 1359 1167 1415 Septimium
1213 1361 1336 1417 plura
1383 1376 1406 1404 e
1452 1362 1654 1405 Sallustio

142 1426 369 1483 sumpsisse
399 1441 529 1483 quam
549 1425 749 1470 Severum
781 1428 1096 1472 concedendum
1116 1430 1211 1473 erit.
1272 1429 1468 1474 Ceterum
1484 1431 1652 1475 nullum

142 1497 230 1540 fere
262 1495 437 1539 Sallusti
464 1500 595 1553 caput
623 1498 900 1548 inveniemus,
932 1499 1038 1553 quin
1067 1513 1119 1541 ex
1148 1513 1199 1541 eo
1227 1500 1394 1555 saepius
1411 1501 1545 1557 ipsius
1565 1500 1657 1544 Sal-

142 1567 245 1609 lusti
275 1568 420 1620 verba,
460 1570 573 1610 certe
603 1568 748 1610 tamen
778 1567 1128 1621 constructiones,
1160 1570 1394 1612 sententias
1424 1584 1653 1626 earumque

144 1651 292 1688 nexus,
332 1636 538 1679 formulas
568 1637 889 1692 locutionesque
920 1637 975 1679 ab
1005 1637 1295 1680 imitatoribus
1325 1639 1392 1681 vel
1421 1640 1556 1682 altero
1586 1640 1656 1682 vel

142 1710 327 1763 utroque
357 1708 565 1749 translata
593 1722 683 1750 esse
713 1708 1030 1764 perspiciamus.
1092 1708 1279 1751 Tantum
1308 1709 1422 1752 enim
1444 1711 1578 1762 abest,
1608 1711 1658 1753 ut

142 1791 276 1832 genus
310 1777 416 1819 illud
460 1777 722 1829 imitationis
750 1777 925 1819 anxium
962 1778 1006 1819 et
1046 1778 1248 1832 pusillum
1286 1791 1374 1820 esse
1404 1780 1655 1830 statuamus,

142 1847 192 1888 ut
230 1859 338 1900 quae
368 1859 391 1887 e
430 1844 622 1887 fontibus
654 1844 925 1887 Sallustianis
953 1844 1146 1888 derivata
1173 1847 1294 1898 sunt,
1338 1845 1444 1888 haec
1473 1846 1659 1902 amplifi-

120 1916 259 1968 *cata,
300 1914 375 1956 illa
403 1905 644 1964 contracta,
685 1913 794 1956 nihil
819 1928 908 1956 non
938 1914 1212 1956 immutatum
1242 1928 1331 1957 esse
1361 1915 1549 1957 dicamus
1579 1915 1656 1957 cfr.

143 1982 430 2026 Dederichum
460 1983 506 2024 in
535 1982 855 2024 intruductione
886 1997 929 2039 p.
960 1982 1159 2035 XXXVI,
1197 1981 1399 2038 Bernays.
1431 1983 1482 2025 de
1508 1983 1657 2026 chron.

143 2051 185 2093 S.
218 2050 313 2093 Sev,
359 2066 400 2105 p.
446 2051 514 2092 30.
575 2049 690 2099 Quae
733 2064 992 2105 quamquam
1032 2051 1079 2093 in
1122 2053 1351 2106 utrumque
1395 2052 1659 2094 imitatorem

142 2121 300 2171 valent,
331 2119 612 2161 nihilominus
641 2121 786 2162 tamen
817 2119 930 2163 inter
958 2133 1030 2162 eos
1050 2120 1276 2163 discrimen
1296 2120 1507 2176 quoddam
1526 2121 1659 2163 inter-

143 2190 289 2233 cedere
350 2189 501 2244 negari
554 2203 643 2230 non
696 2190 852 2244 potest.
928 2187 1159 2244 Septimius
1211 2189 1326 2232 enim
1369 2189 1656 2233 urbanitatem

143 2257 319 2302 Sallusti
352 2258 492 2300 minus
522 2259 738 2301 assecutus
768 2258 981 2315 permulta
1010 2272 1120 2314 quae
1148 2258 1222 2301 ille
1252 2258 1469 2314 eleganter
1489 2272 1659 2315 expres-

142 2330 280 2379 serat,
319 2327 478 2369 insulse
517 2341 567 2369 ac
596 2327 728 2370 veluti
758 2341 898 2369 crasso
926 2327 1113 2382 quodam
1142 2327 1242 2369 stilo
1273 2327 1319 2369 in
1346 2326 1536 2369 deterius
1565 2342 1659 2370 mu-

141 2397 252 2439 tavit
291 2395 368 2438 cfr.
414 2395 504 2438 Cat.
539 2396 615 2447 31,
661 2396 686 2437 8
730 2397 774 2437 et
810 2395 923 2438 Dict.
962 2393 1031 2437 Cr.
1072 2394 1117 2437 II
1155 2395 1223 2438 24.
1295 2393 1356 2436 At
1394 2396 1544 2438 contra
1581 2394 1660 2439 Se-

142 2480 267 2508 verus
306 2478 391 2519 quo
432 2464 593 2518 majore
625 2464 708 2506 fuit
739 2464 892 2506 mentis
922 2464 1117 2505 acumine
1147 2465 1191 2505 et
1220 2463 1458 2506 subtilitate
1493 2464 1658 2518 judicii,

143 2548 194 2577 eo
224 2533 362 2589 magis
389 2532 570 2575 virtutes
602 2532 776 2576 Sallusti
805 2535 851 2575 et
891 2532 1108 2588 perspexit
1136 2533 1180 2574 et
1208 2531 1300 2588 ipse
1330 2531 1551 2588 amplexus
1580 2533 1658 2575 est.

257 2592 480 2645 Veriorem
520 2601 692 2656 quidem
730 2600 986 2644 imitationis
1033 2601 1262 2656 imaginem
1300 2600 1444 2643 nescio
1484 2615 1541 2643 an
1579 2614 1659 2643 usu

143 2670 314 2715 dicendi
345 2669 612 2727 Septimiano
653 2672 696 2713 et
726 2670 956 2714 Severiano
987 2684 1086 2713 cum
1115 2669 1424 2713 consuetudine
1453 2670 1662 2714 sermonis

141 2740 390 2785 Sallustiani
428 2739 585 2783 collato
627 2741 866 2797 exprimere
908 2739 1141 2797 possimus,
1184 2740 1248 2783 ita
1276 2739 1390 2782 enim
1420 2739 1661 2783 imitatores

138 2806 432 2869 compluribus
461 2809 507 2852 in
535 2810 662 2864 rebus
691 2824 781 2855 nou
811 2810 955 2864 miuus
982 2809 1039 2853 ab
1070 2821 1148 2853 usu
1166 2807 1428 2861 Sallustiano
1458 2807 1658 2862 decedere
