1864 3042
313 268 415 319 Sall.
445 266 537 319 0³1⁵.

178 374 391 462 mamm
404 382 545 429 ‘corpus
568 369 670 407 annis

297 433 372 467 um,
401 430 589 467 mgemum
620 429 671 453 sa·

178 470 318 520 pientia
340 467 500 506 validum
525 468 605 503 erat

193 517 241 564 ³1)
262 515 325 553 ubi
338 515 479 561 regium
493 512 670 560 inperium

181 590 193 603 .
215 590 226 601 .
251 588 262 600 .
296 562 336 600 in
371 562 576 609 superbiam
610 559 673 596 do·

179 611 485 695 nationemque
517 619 556 645 se
590 618 673 645 eon-

1351 265 1397 310 S.
1427 265 1523 311 Sev.

1215 372 1247 408 E
1271 374 1306 418 3,
1336 374 1377 409 13
1402 374 1458 409 est
1471 374 1594 408 tamen
1610 371 1686 408 ani-

1191 431 1271 457 mus
1294 419 1412 457 victor
1445 431 1621 457 annorum
1647 421 1687 456 et

1191 468 1321 504 cedere
1341 467 1482 504 nescius
1511 467 1688 504 senectuti

1215 515 1243 550 C
1255 515 1273 550 1
1284 515 1344 562 32,
1360 516 1384 550 5
1401 514 1687 551 dominationem

1190 562 1329 609 regiam
1365 565 1404 599 et
1441 562 1596 609 superba
1616 562 1686 598 im·

1192 621 1291 656 pena
1316 621 1495 656 exponere

1213 703 1299 740 CII
1332 705 1374 747 6,
1405 704 1427 740 3
1463 715 1530 750 per
1562 703 1688 740 luxum

1192 752 1444 788 aclicentiam

143 869 149 873 -
212 844 250 891 6)
286 844 424 891 gloriae
470 853 675 879 maxumum
714 843 731 879 1
756 842 801 879 16
825 853 908 878 cum
927 842 1095 888 juventus
1114 869 1123 878 .
1144 869 1154 878 .
1170 868 1179 877 .

182 895 366 929 certamen
374 891 469 926 inter
479 890 578 936 ipsos
586 892 676 933 erat,
690 890 891 935 aequalium
940 889 988 925 ad
1026 889 1179 945 gloriam

183 950 223 976 se
245 939 395 985 quisque
419 964 429 973 .
445 963 454 973 .
472 963 482 973 .
507 948 675 983 propera·
689 937 928 974 aemulatione
949 948 1073 973 munia
1087 936 1179 973 mili·

181 987 248 1027 bat
690 986 761 1021 tiae
782 984 994 1020 festinarent

205 1032 247 1078 7)
284 1041 485 1068 memorare
532 1041 676 1076 possem

184 1103 194 1116 .
221 1107 231 1117 .
255 1106 277 1125 .‚
305 1079 344 1115 ni
373 1090 417 1114 ea
447 1089 505 1114 res
535 1079 676 1123 longius

183 1138 250 1164 nos
274 1127 322 1163 ab
344 1125 492 1171 incepto
518 1125 678 1162 traheret

1217 1011 1432 1054 01128,2
1458 1038 1468 1047 .
1494 1011 1689 1057 ..utplee

1193 1060 1273 1095 nius
1303 1070 1520 1105 exponerem
1544 1070 1602 1095 res
1624 1057 1689 1094 ad-

1195 1107 1378 1150 monebat,
1406 1107 1475 1142 nisi
1499 1118 1572 1142 non
1597 1107 1690 1141 esset

1195 1153 1299 1199 hujus
1330 1154 1450 1200 operis
1481 1156 1557 1190 tam
1588 1155 1691 1190 vasta

1195 1200 1339 1248 ingredi

1219 1295 1252 1330 D
1276 1294 1330 1330 111
1361 1294 1426 1341 15,
1460 1295 1482 1330 7
1514 1305 1560 1331 ne
1589 1305 1691 1331 suam

1196 1342 1363 1398 persequi
1410 1342 1591 1379 videretur
1638 1343 1691 1379 in·

1212 1402 1327 1427 unam

208 1315 245 1363 5)
261 1315 409 1361 accepta
416 1268 550 1360 *injuria
561 1312 679 1369 ignos-

184 1374 264 1400 cere
288 1374 396 1408 quam
421 1372 589 1408 persequi
604 1372 678 1396 ma-

179 1411 311 1453 lebant
402 1455 458 1490 10.

222 1504 258 1549 3)
298 1514 340 1538 0⁹·-
375 1501 477 1547 quasi
515 1501 679 1538 mflssefiess
715 1507 751 1542 Π
782 1509 804 1543 7
838 1508 964 1543 auctor
1003 1507 1041 1542 et
1074 1503 1185 1542 veluti

186 1551 346 1587 omnium
377 1549 558 1586 malorum
583 1549 680 1585 fuere
694 1567 799 1591 causa
822 1555 939 1591 luctu,
964 1554 1041 1600 ejus
1064 1551 1185 1588 crede.

211 1644 249 1689 6)
274 1643 445 1688 contagio
459 1643 562 1690 quasi
573 1644 678 1690 pesti·
694 1604 801 1638 batur

186 1690 300 1727 lentis
324 1690 456 1727 invasit
715 1650 751 1685 ΙΙ
778 1652 822 1686 22
847 1650 980 1694 quanta
1004 1646 1124 1683 clades
1150 1648 1188 1681 et

695 1697 803 1733 veluti
827 1695 997 1741 contagio
1025 1720 1034 1730 .
1062 1720 1070 1729 .
1097 1720 1107 1729 .
1131 1704 1189 1729 or·

692 1745 1109 1827 bizmterrarumoceupa

409 1832 466 1867 11.

211 1878 248 1924 5)
286 1878 465 1915 luxuriose
502 1878 679 1924 nimisque
716 1885 734 1920 Ι
757 1887 780 1922 2
809 1883 958 1930 largiter
980 1881 1183 1930 magnifice-
1222 1879 1249 1916 G
1280 1879 1316 1915 ΙΙ
1349 1879 1408 1921 25,
1446 1879 1464 1914 1
1496 1876 1693 1917 Jonatham

187 1925 388 1963 liberaliter
411 1926 586 1962 habuerat
693 1944 762 1978 que
786 1943 847 1968 eos
869 1932 1028 1968 habuere
1200 1927 1354 1974 benigne
1377 1926 1506 1964 habuit

228 1973 265 2019 6)
311 1984 415 2010 sacra
461 1974 681 2020 profanaque
717 1980 768 2018 IV
778 1982 824 2016 22
836 1990 951 2025 neque
962 1987 1185 2023 sacroneque

189 2020 311 2058 omnia
333 2021 494 2067 polluere

211 2114 249 2159 2)
272 2113 385 2159 igitur
408 2072 609 2150 ssff'diviffis
628 2114 679 2159 ju-

188 2163 374 2197 ventutem
404 2162 546 2197 luxuria
577 2165 683 2207 atque

188 2207 340 2244 avaritia
385 2220 469 2246 cum
516 2210 683 2255 superbia

695 2027 845 2075 profano
869 2027 1082 2064 abstinuisse

1224 2115 1251 2151 C
1275 2115 1312 2150 Π
1327 2117 1388 2158 40,
1414 2118 1438 2152 4
1460 2115 1591 2161 quique
1602 2125 1695 2150 sem·

1201 2173 1265 2208 per
1290 2162 1380 2199 ordo
1406 2174 1525 2199 rerum
1549 2165 1616 2203 est,
1647 2161 1693 2197 ab

1201 2209 1330 2254 opibus
1353 2210 1392 2246 in
1415 2210 1538 2246 luxum
1555 2212 1593 2245 et
1608 2208 1696 2244 vitia

188 2254 352 2292 invasere
1201 2256 1368 2301 delapsus

214 2301 307 2338 ΒΜ
338 2302 442 2348 Densi
471 2313 587 2349 neque
609 2312 683 2338 ¹1²0·
719 2309 737 2346 1
762 2311 784 2347 7
805 2308 896 2346 nihil
911 2307 1015 2356 pensi
1029 2309 1091 2344 aut
1104 2317 1188 2343 con·
1225 2302 1252 2338 C
1275 2302 1313 2338 ΙΙ
1337 2303 1395 2347 50,
1415 2305 1436 2338 2
1469 2302 1561 2338 nihil
1592 2301 1696 2348 pensi

189 2347 307 2386 dotati
329 2348 464 2386 habere
697 2358 782 2395 sulti
804 2358 983 2404 patientes
1202 2349 1292 2433 ἓξὲξ
1314 2351 1432 2387 saneti
1451 2349 1619 2387 habuisse
1635 2350 1698 2386 de·

213 2440 251 2498 β)
281 2452 414 2489 operae
437 2442 593 2490 pretium
617 2444 684 2485 est,

189 2500 305 2528 visere

1225 2444 1257 2480 D
1281 2443 1318 2479 11
1345 2443 1402 2486 10,
1427 2445 1445 2479 1
1471 2454 1602 2490 operae
1616 2453 1698 2490 pre·

1204 2492 1294 2528 tium
1318 2495 1441 2528 autem
1453 2495 1510 2528 est
1535 2518 1544 2527 .
1562 2518 1571 2527 .
1592 2519 1601 2528 .
1623 2501 1698 2527 me«

417 2584 461 2619 13
1204 2550 1344 2574 morare
1367 2539 1433 2574 cfr.
1455 2539 1495 2574 Μ
1521 2541 1554 2583 1,
1579 2541 1602 2575 6

219 2629 253 2675 1)
274 2640 369 2676 quae
389 2631 460 2666 nisi
483 2630 534 2667 eis
555 2630 619 2676 qui
634 2631 685 2668 vi-

191 2676 278 2714 dere
324 2677 461 2714 nemini
499 2678 687 2715 credibilia

192 2726 277 2762 ωε
417 2771 473 2805 14.

177 2842 194 2853 .
217 2815 256 2862 2)
279 2814 377 2853 bona
407 2816 525 2864 patria
555 2817 688 2855 lacera-
723 2819 759 2858 11
781 2821 805 2857 6
829 2819 907 2858 auri
930 2821 1072 2857 tantum
1086 2821 1195 2866 atqoe

190 2865 293 2903 vex-at
702 2868 843 2915 argenti
878 2895 889 2905 .
914 2894 924 2904 .
947 2894 957 2904 .
989 2869 1195 2915 priusquam

703 2942 714 2952 .
738 2941 748 2952 .
776 2941 786 2951 .
810 2916 1069 2953 dilaceraretur

1229 2632 1256 2669 C
1280 2632 1316 2668 11
1340 2634 1377 2676 5,
1400 2635 1422 2669 3
1444 2632 1576 2668 mirum
1597 2632 1699 2668 dictu

1205 2682 1242 2715 et
1281 2679 1493 2716 incredibile
1533 2691 1607 2716 nou
1647 2680 1698 2716 vi·

1206 2727 1367 2763 sentibus
