1864 3042
125 197 155 204 Α,
193 279 195 281 ³
267 222 368 279 Sall.
398 220 427 264 J
429 233 495 276 ug·

152 327 190 376 3)
213 328 267 365 uti
288 339 347 364 res
369 327 535 373 posceret

155 423 193 469 5)
217 422 324 458 simul
354 420 506 475 cupidus
540 446 548 455 .
579 446 588 455 .
613 445 621 454 .

130 473 168 506 ct
189 496 199 506 .
224 495 234 505 .
262 496 271 505 .
295 480 418 504 anxius

155 566 173 600 1
199 566 237 600 et
260 564 296 608 2)
327 562 419 598 sorte
442 560 622 597 Nabdalsa

111 611 285 646 exercito
322 620 472 653 corpore
510 609 622 643 sessus

128 658 166 694 in
190 658 285 694 lecto
318 656 535 701 quiescebat,
560 656 621 690 ubi

130 731 139 741 .
165 730 172 739 .
201 731 208 740 .
228 706 343 750 primo
361 716 457 745 cura,
481 704 621 747 deinde,

127 751 181 787 uti
206 762 353 796 aegrum
379 751 539 785 animum
565 761 618 784 so-

127 799 191 843 let,
215 810 359 835 somnus
382 798 478 843 cepit

124 870 135 875 r>
151 848 259 889 2—4)
290 849 368 880 erat
401 847 434 879 ei
465 845 620 879 Numida

126 892 271 938 quidam
303 892 531 938 negotiorum
563 903 619 926 cu-

126 944 236 985 rator,
269 939 360 975 fidus
382 942 618 985 acceptusque

127 992 169 1030 et,
195 989 355 1023 omnium
390 988 617 1023 consiliorum

127 1035 196 1070 nisi
211 1035 406 1071 novissumi
427 1035 617 1079 particeps.

126 1082 195 1126 Qui
222 1109 230 1117 .
258 1109 265 1116 .
292 1109 300 1117 .
326 1083 516 1127 epistulam
539 1093 616 1126 per-

126 1130 226 1174 legit,
241 1129 322 1164 dein
333 1141 487 1174 propere
497 1129 617 1173 cogni-

125 1177 172 1211 tis
218 1176 357 1211 insidiis
404 1176 451 1212 ad
495 1187 615 1220 regem

124 1223 245 1268 pergit

860 108 916 151 23

776 221 888 265 Dict.
919 211 988 265 c‘r.

660 325 710 362 IV
744 329 786 363 13
824 328 878 365 uti
914 339 970 366 res
1003 340 1128 375 expos-

638 374 743 409 cebat

668 420 703 455 11
739 423 781 456 31
820 425 1007 458 conmotus
1043 450 1052 459 .
1086 451 1094 459 .
1121 451 1129 459 .

637 467 744 502 simul
769 494 779 504 .
806 495 814 504 .
842 494 851 504 .
876 470 999 505 anitius

1305 224 1348 268 S.
1378 224 1474 268 Sev.

1163 560 1197 615 E.
1228 563 1270 616 2,
1307 565 1329 598 2
1364 574 1447 599 cum
1484 565 1635 612 fatigata

1141 619 1250 642 an1m1
1274 621 1409 655 angore
1439 612 1476 646 in
1501 614 1634 650 lectulo

1141 656 1304 691 membra
1344 659 1559 705 posuissem,
1594 665 1635 697 ut

1139 704 1349 748 plerumque
1379 717 1422 740 ex
1451 709 1635 744 maestitu-

1139 750 1223 783 dine
1249 753 1358 793 solet,
1401 764 1546 790 somnus
1568 757 1631 791 ob-

1139 796 1252 842 repsit

1163 845 1188 879 C
1204 846 1239 878 11
1256 848 1312 890 13,
1340 849 1357 880 1
1385 858 1454 890 qua
1478 851 1632 894 tempes-

1139 894 1213 926 tate
1246 892 1505 928 Mardochaeus
1536 896 1632 931 inter

1139 938 1319 984 proximos
1343 940 1438 986 regis
1454 945 1542 985 erat,
1565 955 1632 989 pro

1140 987 1231 1021 virili
1264 989 1431 1032 portione
1466 992 1630 1035 negotio·

1139 1045 1218 1068 rum
1266 1035 1495 1070 familiarium
1531 1049 1631 1074 cura·

1138 1086 1213 1125 tor,
1266 1082 1295 1115 is
1345 1084 1560 1128 compositas
1608 1099 1628 1121 a

1137 1127 1277 1163 duobus
1309 1130 1527 1173 spadonibus
1551 1135 1628 1178 regi

1138 1175 1281 1210 insidias
1305 1177 1513 1221 prodiderat
1535 1183 1594 1214 cet

148 1271 184 1314 5)
208 1273 397 1316 postquam
426 1270 464 1305 id
488 1268 616 1304 frustra
666 1269 716 1305 IV
755 1272 777 1305 4
814 1281 902 1314 quae
935 1282 992 1307 res
1026 1271 1119 1308 haud
1160 1268 1234 1303 CII
1246 1270 1304 1315 49,
1331 1270 1430 1306 3sed
1446 1270 1484 1307 id
1496 1272 1628 1309 frustra

124 1317 192 1353 suit

348 1366 405 1399 72.

634 1318 762 1352 frustra
788 1317 854 1353 fuit

151 1411 185 1455 1)
220 1410 326 1446 aliter
360 1415 466 1457 atque
499 1409 616 1445 animo
653 1411 705 1445 III
723 1413 765 1446 14
790 1412 974 1447 decretum
989 1412 1120 1459 quippe

126 1459 278 1503 gerebat

146 1505 289 1550 placide
313 1503 500 1550 respondit

149 1609 274 1634 somno
301 1598 435 1633 excitus
459 1598 488 1631 P
514 1596 539 1631 C

345 1695 402 1728 73.
475 1684 477 1686 ’

152 1741 184 1784 1)
220 1742 349 1775 cuncta
380 1740 483 1784 parat
518 1736 613 1771 festi-
650 1738 702 1772 III
732 1742 749 1773 1
776 1742 904 1776 cuncta
930 1765 938 1774 .

619 1785 762 1824 lnabant

123 1790 255 1831 natque

631 1460 749 1494 animo
774 1461 924 1504 gerebat

1138 1314 1204 1352 suit

653 1507 687 1540 Π
712 1508 757 1541 26
790 1507 935 1551 placida
959 1507 1120 1542 oratione
1159 1504 1185 1538 C
1211 1506 1228 1539 I
1253 1508 1316 1548 32,
1350 1507 1372 1540 5
1404 1507 1548 1552 placida
1572 1521 1627 1546 sa-

630 1553 679 1589 ait

963 1765 972 1774 .
989 1765 997 1774 .
1022 1739 1117 1775 festi-

157 1835 194 1879 6)
239 1835 323 1879 post
357 1832 488 1867 multas
525 1834 612 1867 tem·
651 1833 681 1869 V
708 1835 728 1868 9
755 1834 876 1869 multis
898 1833 1117 1879 tempestati-

122 1884 278 1928 pcstates

345 1929 366 1962 7
370 1928 392 1962 4
397 1954 405 1961 .

630 1880 694 1915 bus

147 1975 183 2021 2)
208 1975 325 2021 parati
347 1974 580 2018 instructique
648 1974 702 2008 III
742 1976 783 2009 17
819 1974 984 2010 instructi
1020 2000 1027 2009 .

147 2116 184 2162 3)
208 2116 373 2152 Numidis
394 2143 403 2151 .
430 2142 438 2150 .
466 2141 474 2150 .
499 2114 613 2159 magis

122 2164 232 2210 pedes
266 2175 372 2209 quam
402 2174 502 2198 arma
536 2166 613 2197 tuta

122 2214 206 2247 sunt

344 2258 388 2292 75
395 2283 402 2291 .

147 2307 185 2350 2)
215 2307 344 2340 natura
368 2304 514 2339 metium
538 2304 612 2339 vin·
647 2303 698 2339 IV
730 2305 750 2338 3
783 2306 931 2339 naturae
956 2330 964 2339 .
992 2329 1001 2338 .

123 2364 205 2390 cere
229 2352 439 2398 adgreditur

629 2022 822 2066 paratique.
862 2021 879 2055 I
911 2023 951 2063 8,
993 2021 1028 2056 ΙΙ
1059 2023 1115 2066 32,

629 2070 677 2107 1V
700 2072 734 2112 5,
757 2069 806 2106 1V
833 2071 854 2103 6

627 2351 797 2386 ditionem
822 2362 989 2397 superare

146 2401 183 2445 7)
199 2401 298 2436 caelo
315 2401 423 2435 missa
436 2399 489 2435 vis
501 2411 611 2445 aquae
648 2399 715 2433 121
729 2400 912 2443 grandinis
922 2400 974 2436 vis
983 2410 1115 2444 magna

119 2448 253 2484 dicitur

143 2499 184 2530 ut
209 2520 217 2529 .
244 2521 253 2529 .
280 2521 288 2529 .

118 2541 215 2578 foret

320 2494 405 2529 satis
437 2504 610 2539 superque

625 2448 864 2492 praecipitata

148 2591 203 2634 10)
235 2588 348 2623 nihilo
381 2588 524 2633 segnius
548 2600 607 2634 pa·
645 2586 698 2621 III
729 2588 752 2622 4
787 2586 982 2622 exercitum
1020 2585 1113 2621 ordi-

118 2647 215 2672 rarc:
241 2636 338 2672 idem
363 2636 477 2671 nostri
491 2636 608 2672 facere
623 2638 725 2669 nant:
763 2645 877 2679 neque
909 2645 951 2669 ea
982 2645 1004 2668 a
1027 2633 1112 2668 Tro-

143 2775 180 2819 6)
204 2786 329 2811 aurum
346 2730 460 2820 ‘adque
483 2786 606 2821 argen-

119 2825 198 2859 tum
221 2826 259 2859 et
281 2824 363 2866 alia,
386 2834 476 2869 quae
489 2825 606 2869 prima

13 2845 16 2847 Δ
30 2874 45 2906 ss
116 2869 297 2908 ducuntur

619 2682 711 2726 janis
749 2683 891 2728 segnius
915 2681 1114 2727 agebantur

1137 1552 1228 1587 lubri
1253 1554 1415 1589 oratione

1157 1600 1188 1652 Ε
1216 1603 1248 1641 2,
1280 1602 1300 1634 5
1335 1612 1531 1646 somnoque
1568 1614 1626 1638 ex—

1133 1650 1224 1681 citus

1155 2111 1181 2147 C
1206 2112 1295 2159 133,
1321 2115 1343 2149 7
1368 2118 1445 2150 tum
1463 2127 1623 2151 vero...

1131 2171 1238 2242 3333?
1260 2163 1480 2245 {arsseeffium
1504 2164 1542 2199 i¹²
1560 2176 1622 2210 pe-

1154 2256 1185 2289 D
1210 2256 1227 2289 Ι
1256 2258 1310 2300 18,
1334 2260 1357 2292 4
1381 2260 1547 2303 superata
1561 2270 1623 2294 na-

1034 2314 1115 2338 con·
1130 2306 1209 2338 tura
1232 2306 1286 2338 est

1153 2491 1178 2526 C
1211 2491 1246 2526 II
1278 2493 1341 2536 50,
1381 2494 1402 2529 5
1440 2493 1526 2529 satis
1564 2505 1620 2529 su-

1127 2549 1259 2584 perque
1283 2538 1443 2577 sufficere

1149 2775 1180 2809 D
1207 2774 1225 2809 Ι
1250 2761 1329 2815 5,γὸ
1355 2787 1480 2811 aurum
1504 2777 1620 2822 adque

1128 2826 1336 2868 argentum,
1357 2832 1466 2868 'quae
1501 2825 1620 2872 prima

1126 2871 1295 2906 mortales
1318 2874 1449 2917 putant
