1864 3042
839 107 892 148 57

62 221 272 281 opibus
315 222 360 266 in
404 235 581 297 regnum
621 219 786 274 accepi,
831 220 1093 262 existumans
1132 234 1219 263 non
1260 221 1400 263 minus
1445 235 1511 264 me
1540 222 1620 263 tibi

0 234 72 349 'fii
109 297 248 347 ‚quam
280 291 453 341 liberoS,
494 289 533 331 si
561 287 813 372 genuissem,
854 288 910 329 ob
940 288 1136 330 benificia
1164 303 1308 330 carum
1338 289 1439 341 fore,
1483 304 1620 345 neque

10 356 54 404 1³
121 372 187 412 enj-
200 372 268 401 res
297 357 453 400 falsum
482 370 549 399 me
576 355 767 397 habuit«

203 426 354 478 Quod
384 427 628 472 Dietschius
663 439 704 480 p.
738 426 791 467 74
833 439 910 466 »ea
949 439 1041 466 res«
1084 440 1177 481 pro.
1204 427 1296 468 »id«
1341 428 1482 488 scribi*
1501 442 1622 483 posse

34 498 39 500 ’
70 501 76 506 ”
112 496 314 552 negavit,
356 497 399 539 id
440 496 548 538 falso
589 508 685 536 eum
724 493 920 534 statuisse
950 493 1190 548 colligimus
1219 510 1241 536 e
1272 494 1503 550 Septimio,
1548 498 1622 551 qui

116 564 268 611 iisdem
297 565 386 608 fere
416 564 557 606 verbis
585 561 690 604 dicit
718 563 762 602 et
793 574 928 615 »quae
959 575 1025 602 res
1055 576 1141 604 non
1170 562 1329 614 frustra-
1347 577 1418 605 eos
1441 564 1619 606 habuit«

118 632 286 693 (1137)
324 635 369 675 et
412 632 550 686 »quod
591 643 678 672 non
717 628 875 670 frustra
906 643 978 670 eos
1007 630 1184 672 habuit«
1218 631 1257 683 (Ι
1286 633 1370 686 11).
1431 632 1524 674 Huc
1553 646 1622 674 ae-

118 697 230 744 cedit
273 701 386 756 quod
430 713 576 743 omnes
618 697 717 740 libri
755 697 1004 739 Sallustiani
1046 712 1151 740 raro.
1186 700 1371 753 quodam
1415 714 1623 742 consensu

117 771 371 826 scripturam
405 784 480 812 »ea
512 783 606 811 res«
637 767 853 816 exhibent,
884 781 993 821 quae
1013 767 1139 809 lectio
1159 770 1329 822 praeter
1339 770 1619 812 imitationem

119 837 315 894 Septimii
343 837 597 888 Quintiliani
627 849 797 890 quoque
826 835 871 877 in
901 836 1037 877 instit.
1068 850 1128 877 or.
1158 836 1220 878 IV
1250 837 1290 889 3,
1329 838 1377 877 12
1416 840 1460 879 et
1489 837 1622 880 Nonii

120 922 161 961 p.
195 908 248 948 75
287 906 460 949 fulcitur
499 905 769 947 testimoniis.
830 903 1041 953 Ceterum,
1083 905 1119 945 si
1151 905 1392 947 Dietschius
1424 921 1499 947 »ea
1529 922 1619 948 res«

121 988 198 1030 pro
233 974 328 1016 »id«
360 974 500 1016 minus
528 973 721 1015 accurate
750 971 833 1013 dici
851 973 965 1013 recte
980 972 1207 1025 statuisset,
1238 974 1366 1015 etiam
1382 975 1428 1015 in
1443 975 1622 1029 septimo

121 1042 221 1084 belli
235 1042 336 1097 Jug.
368 1043 506 1097 capite
536 1042 617 1093 §3,
648 1040 722 1081 ubi
752 1040 797 1080 in
827 1040 1024 1081 omnibus
1053 1040 1308 1082 editionibus
1332 1043 1535 1097 scriptum
1560 1046 1624 1084 est

350 1113 440 1152 »set
469 1124 518 1151 ea
545 1123 612 1150 res
641 1109 768 1162 longe
798 1108 923 1149 aliter
952 1122 1001 1149 ac
1031 1110 1148 1150 ratus
1177 1111 1268 1150 erat
1282 1111 1463 1161 evenit«,
1493 1112 1624 1153 verba

351 1192 427 1220 »ea
467 1192 558 1220 res«
598 1176 799 1219 delendae
826 1175 987 1225 forent,
1033 1176 1076 1218 id
1106 1177 1219 1231 quod
1245 1179 1419 1234 insuper
1447 1195 1522 1235 per
1551 1179 1624 1222 Se-

306 1289 313 1292 ,
349 1261 494 1289 verum
552 1248 689 1288 totum
742 1245 882 1287 locum
939 1246 1250 1288 accuratissime
1302 1248 1623 1291 adumbrantem

348 1315 392 1358 C.
424 1316 445 1358 I
475 1316 548 1366 34,
594 1315 618 1357 7
662 1314 758 1357 »sed
802 1314 930 1369 longe
960 1314 1083 1355 aliter
1113 1328 1161 1355 ac
1191 1317 1309 1357 ratus
1337 1318 1429 1358 erat
1457 1318 1621 1359 evenit«

122 1385 406 1427 commendari
436 1386 589 1439 posset.

747 1533 847 1588 Jug.
879 1534 945 1583 25,
980 1534 1016 1574 7.

236 1658 416 1700 Senatus
446 1657 629 1711 querelis
658 1655 912 1697 Adherbalis
942 1658 1176 1696 commotus
1211 1670 1299 1697 non
1329 1657 1468 1699 minus
1497 1672 1625 1711 quam

123 1729 339 1785 permotus
367 1728 533 1782 legatos
562 1727 608 1768 in
630 1725 818 1768 Africam
849 1725 1076 1767 mittendos
1105 1726 1359 1768 decreverat.
1419 1726 1501 1776 Qui
1531 1743 1625 1770 cum

121 1793 379 1850 «Iugurtham
401 1809 528 1850 quam
544 1795 735 1837 ocissime
752 1794 921 1837 Uticam
942 1795 1085 1835 venire
1101 1794 1337 1849 jussissent,
1369 1796 1441 1838 ille
1459 1797 1625 1852 »primo

122 1867 342 1907 conmotus
381 1866 498 1907 metu
538 1865 666 1919 atque
696 1863 887 1906 lubidine
918 1863 1109 1905 divorsus
1139 1864 1407 1920 agitabatur:
1447 1866 1627 1907 timebat

121 1935 229 1987 iram
272 1936 456 1985 senatus,
505 1934 550 1975 ni
594 1934 803 1989 paruisset
841 1933 1016 1987 legatis:
1061 1947 1187 1988 porro
1232 1934 1398 1976 animus
1428 1935 1628 1990 cupidine

121 2015 268 2046 caecus
294 2002 348 2045 ad
377 2003 595 2058 inceptum
625 2001 760 2044 scelus
789 2000 1027 2057 rapiebat«.
1365 2019 1367 2021 v

240 2071 504 2127 »Rapiebat‹
551 2072 597 2112 in
627 2071 689 2113 Po
729 2071 935 2125 scriptum
979 2072 1063 2124 est,
1108 2070 1226 2125 cujus
1267 2071 1437 2125 quidem
1477 2085 1626 2113 manus

121 2139 254 2182 altera
282 2142 489 2195 punctum
518 2139 701 2190 addidit3
731 2140 776 2181 in
805 2139 980 2194 reliquis
1008 2138 1131 2180 libris
1164 2138 1477 2194 »rapiebatur«,
1526 2139 1627 2182 Jam

122 2210 322 2263 quoniam
355 2209 506 2264 optimi
536 2209 692 2251 codicis
735 2208 838 2250 fides
864 2208 1038 2249 alterius
1069 2221 1218 2249 manus
1246 2209 1485 2249 correctura
1514 2209 1630 2250 labe-

36 2318 41 2319 .
121 2278 236 2321 facta
263 2280 340 2330 est,
372 2292 496 2321 omne
523 2278 730 2332 judicium
755 2292 778 2320 e
793 2277 1007 2320 sententia
1025 2279 1069 2319 et
1086 2291 1165 2318 usu
1184 2276 1351 2318 dicendi
1368 2275 1628 2321 Sallustiano

112 2345 306 2401 ,pendere
335 2345 515 2388 videtur.
575 2346 714 2401 Atque
744 2345 796 2387 ad
826 2359 916 2387 rem
947 2345 1116 2400 quidem
1132 2344 1241 2386 nihil
1261 2344 1454 2397 interest,
1485 2347 1629 2388 utrum

47 2452 51 2455 .
122 2414 333 2457 scribatur
364 2415 608 2469 »rapiebat«
642 2429 698 2456 an
731 2414 1044 2469 »rapiebatur«,
1059 2414 1158 2467 *nisi
1187 2413 1300 2467 quod
1329 2413 1433 2456 illud
1457 2413 1630 2470 elegan-

123 2483 208 2526 tius
250 2483 439 2535 videtur,
485 2497 579 2526 cum
617 2483 783 2529 animus
821 2482 850 2525 J
852 2481 1061 2538 ugurthae
1107 2484 1325 2536 tamquam
1364 2482 1630 2527 adversarius

11 2577 20 2609 3
43 2606 45 2608 -
120 2551 354 2607 cogitetur,
396 2552 470 2605 qui
515 2554 564 2592 ut
601 2553 836 2605 temptator
876 2552 921 2592 in
951 2552 1108 2593 malam
1137 2565 1233 2592 eum
1265 2553 1431 2605 partem
1459 2552 1629 2594 trahere

0 2844 44 3042 *a*
5 2800 28 2812 ’κ
2 2773 16 2776 ²

120 2618 224 2662 vult.
284 2619 362 2662 Set
382 2611 485 2662 'cum
514 2620 560 2661 in
590 2621 681 2661 arte
711 2619 857 2662 critica
887 2619 967 2662 hoc
996 2633 1169 2675 prorsus
1197 2619 1431 2661 cavendum
1456 2620 1524 2669 sit,
1557 2634 1626 2670 ne,

111 2687 262 2742 siquid
297 2688 534 2744 elegantius
574 2689 736 2731 dictum
765 2689 889 2731 nobis
919 2689 1132 2738 videatur,
1172 2688 1214 2729 id
1246 2689 1514 2743 potissimum
1543 2703 1632 2731 am-

82 2794 101 2815 4
121 2755 380 2819 plectamur,
421 2771 503 2811 qua
550 2757 715 2799 ratione
745 2756 974 2799 Sallustius
1002 2769 1145 2799 vocem
1177 2757 1397 2798 »animus«
1429 2770 1634 2812 usurpare

58 2825 99 2872 sl*
118 2809 254 2868 soleat
281 2824 599 2879 explorandum
637 2826 731 2868 erit.
792 2825 888 2868 Huc
928 2825 1173 2880 pertinent.
1215 2824 1305 2866 Cat.
1338 2826 1377 2875 3,
1409 2825 1436 2867 4
1464 2825 1630 2867 animus
