1864 3042
868 84 938 130 213.

281 195 383 241 San.
413 197 515 257 Jug.
797 200 914 244 Diot.
941 199 1017 244 Cr·
1331 199 1375 244 8.
1404 199 1501 248 Sev.

173 301 215 347 8)
237 301 304 338 diu
327 303 550 351 multumque
568 303 648 341 fati·
685 304 735 340 VI
760 305 783 341 8
806 305 961 341 multum
982 316 1082 342 mare
1104 304 1154 341 fa—

155 350 232 396 gazi
663 352 799 393 tiffatus

177 397 216 441 4)
236 409 310 433 non
342 398 481 434 castelli
515 399 649 435 moeni·
686 399 736 435 1v
761 402 807 435 20
832 399 923 435 adeo
965 398 1154 442 deterruit,
1192 398 1219 434 C
1251 398 1269 433 I
1293 398 1350 441 50,
1386 399 1410 433 4
1446 411 1519 437 non
1554 411 1659 436 ausus

151 443 219 479 bus
243 456 320 481 sese
345 447 567 487 tutabantur,
593 451 648 482 set
663 451 702 482 ut
726 447 785 482 vix
808 458 846 482 se
881 447 1067 482 moenibus
1092 446 1155 481 de·
1168 457 1313 481 manum
1326 456 1523 490 conserere,
1548 447 1659 484 muris

152 502 220 538 pro
245 504 349 529 muro
377 520 387 528 .
415 519 423 528 .
446 519 456 529 .
482 494 620 538 agitare
665 496 843 530 fensarent
1169 505 1206 529 se
1230 493 1399 530 tuebatur

190 540 226 583 6)
264 551 308 576 eo
351 541 468 576 acrius
504 542 648 579 instare,
685 542 737 576 111
763 543 784 576 6
814 541 898 576 dein
923 566 932 575 .
958 567 966 576 .
993 567 1002 575 .
1034 551 1155 575 rursus

152 585 302 622 fundere
361 599 404 623 ac
458 587 648 634 plerosque
665 589 908 625 vehementius
932 587 1066 624 saevire
1091 599 1155 622 ex-

152 636 293 671 tentum
329 635 441 671 modo
477 637 648 680 sauciare,
664 641 850 682 tractoque
889 663 897 671 .
942 662 950 671 .
987 662 996 672 .
1033 635 1155 681 jaculo

153 681 238 717 dein
287 694 394 728 super
447 685 646 720 occisorum
665 685 808 721 fundere
840 684 964 720 obvios
1000 695 1043 719 ao
1074 695 1154 728 pro-

152 739 307 775 corpora
329 731 460 767 vadere
662 736 794 768 stratos
825 743 907 766 cum
940 731 1028 766 alios
1059 731 1154 765 inva-

663 780 774 819 deret,
799 780 886 815 alioe
908 778 1059 824 desuper
1071 789 1153 823 pro·

662 828 805 864 culcans
829 830 1010 873 optet-eret

173 918 212 965 3)
243 918 374 954 nobilis
412 918 478 954 fuit
512 917 647 954 familia
1190 912 1217 948 C
1240 912 1346 957 1146,
1371 914 1392 948 3
1416 911 1658 949 Priscillianus

156 991 166 1001 .
181 992 190 1002 .
204 993 213 1002 .
236 967 367 1002 litteris
380 966 527 1002 Graecis
539 971 647 1012 atque
1167 987 1175 996 .
1202 987 1211 996 .
1237 987 1246 996 .
1270 960 1405 995 familia
1420 960 1552 996 nobilis
1578 985 1588 995 .
1612 985 1622 995 .
1647 986 1658 995 .

153 1014 293 1050 Latinis
318 1015 422 1059 juxta
451 1025 493 1050 ac
516 1015 646 1050 doctis·
1167 1008 1348 1050 facundus,
1370 1010 1485 1043 multa
1504 1007 1658 1044 lectione

155 1071 257 1097 sume
282 1061 442 1096 eruditus
1165 1055 1323 1091 eruditus

178 1109 217 1153 4)
251 1108 305 1144 ini
338 1134 347 1144 .
372 1134 381 1143 .
408 1135 416 1144 .
451 1119 645 1153 numquam
684 1107 737 1141 III
766 1108 808 1143 16
831 1106 958 1142 fortior
973 1118 1079 1152 quam
1104 1107 1151 1143 se·

154 1167 262 1202 super
278 1156 492 1192 industriam
507 1156 647 1191 fortuna
663 1155 764 1191 licior
803 1155 900 1198 (add.
948 1155 1151 1199 Dederich.)

156 1204 235 1243 fuit,
252 1204 425 1249 multique
439 1204 648 1239 dubitavere
663 1203 720 1237 cui
755 1202 880 1238 inclito
921 1214 987 1247 per
1028 1208 1152 1249 gentes

155 1251 285 1288 fortior
314 1263 359 1288 an
392 1251 532 1288 felicior
557 1255 650 1288 esset
663 1262 855 1295 numquam
901 1253 1020 1285 tamen
1061 1251 1153 1286 vires

663 1299 812 1335 consilio
837 1299 1085 1343 superfuerant.

180 1358 265 1382 nam
303 1350 429 1392 postea
469 1358 562 1392 quae
600 1346 649 1382 fe·
1191 1343 1217 1378 C
1239 1342 1343 1387 1128,
1368 1343 1389 1377 3
1414 1341 1551 1386 reliqua
1573 1351 1658 1376 vero

156 1395 262 1439 oerit,
309 1395 487 1430 incertum
523 1395 649 1439 habeo,
1168 1391 1244 1436 ejus
1268 1391 1444 1426 incertum
1468 1389 1593 1435 pigeat
1612 1399 1671 1424 an·

154 1441 293 1488 pudeat
315 1454 360 1478 an
390 1442 513 1489 pigeat
536 1443 649 1488 magis
1169 1438 1304 1484 pudeat
1333 1437 1449 1483 magis
1483 1436 1659 1472 disserere

156 1489 330 1525 disserere

180 1583 218 1627 3)
242 1594 356 1629 neque
367 1582 518 1619 consilio
534 1593 650 1627 neque
687 1581 722 1616 11
758 1580 803 1616 35
841 1582 984 1626 praeter
1015 1582 1154 1616 ceteros

156 1641 264 1666 manu
277 1633 432 1677 priorem
444 1631 555 1666 alium
563 1631 650 1676 pati.
666 1656 674 1665 .
690 1656 698 1664 .
713 1654 721 1662 .
745 1629 894 1664 consilio
912 1632 1020 1673 atque
1046 1628 1153 1663 armis

156 1679 346 1724 plerosque
358 1679 434 1724 ipse
446 1678 649 1714 antevenire
664 1677 826 1723 pollebat.

182 1776 219 1818 3)
252 1775 322 1810 rati
359 1778 503 1811 noctem
546 1801 555 1810 .
592 1800 601 1809 .
640 1800 648 1809 .
686 1772 737 1809 IV
774 1774 795 1807 5
838 1784 908 1807 nox
951 1771 1155 1818 perfugium
1193 1781 1219 1816 Ο
1252 1781 1269 1815 1
1302 1783 1368 1825 23,
1405 1783 1426 1816 3
1463 1791 1546 1816 cum
1580 1807 1588 1816 .
1615 1806 1624 1816 ‚
1648 1806 1658 1816 .

157 1822 228 1859 sibi
251 1823 473 1859 munimento
498 1821 574 1858 sore
663 1821 903 1856 laborantium
1168 1839 1308 1874 noxque
1336 1828 1441 1864 victis
1477 1827 1658 1874 praesidio

515 1920 519 1923 ⁷
1016 1914 1023 1921 ,
1170 1877 1290 1912 futura
1313 1877 1495 1913 videretur

182 1914 221 1959 4)
245 1926 346 1952 more
369 1916 486 1962 proeli
687 1915 719 1952 V
746 1916 788 1950 13
813 1925 914 1950 more
939 1914 1026 1949 belh

187 1974 262 1998 non
297 1964 374 1999 acie
422 1975 536 2009 neque
579 1964 650 1998 ullo
689 1962 724 1997 11
755 1963 803 1997 46
837 1962 971 2007 raptim
1007 1972 1049 1997 ac
1081 1961 1156 1996 sine

156 2021 259 2046 more
293 2011 428 2057 proeli,
459 2015 515 2046 set
538 2014 650 2047 cater—
666 2010 746 2044 ullis
760 2009 956 2055 ordinibus,
976 2012 1016 2043 ut
1036 2020 1156 2053 quem-

156 2058 288 2100 vatim,
323 2061 362 2094 ut
397 2070 555 2104 quosque
578 2058 650 2094 sore
664 2067 732 2103 que
763 2058 836 2093 sors
867 2056 1156 2103 conglobaverat,

156 2106 449 2152 conglobaverat,
462 2107 499 2142 in
510 2110 652 2142 nostros
666 2106 712 2141 ad
735 2116 841 2142 naves
867 2105 1012 2141 evolant

155 2153 346 2189 incurrunt

181 2202 220 2247 5)
255 2203 353 2237 orbis
389 2201 508 2237 facere
544 2205 652 2247 atque
688 2200 738 2238 IV
775 2202 795 2236 5
826 2198 1027 2236 confirmati
1063 2199 1157 2234 inter

156 2248 208 2284 ita
232 2249 279 2284 ab
304 2250 469 2284 omnibus
489 2249 651 2294 partibus
665 2260 704 2283 se
753 2248 838 2283 satis
887 2248 1042 2292 impigre
1083 2247 1156 2282 vim

156 2295 263 2332 simul
297 2297 387 2332 tecti
418 2299 455 2332 et
485 2296 652 2338 instructi
666 2295 822 2332 hostium
845 2299 1089 2331 sustentavere

155 2343 314 2380 hostium
322 2345 395 2381 vim
403 2344 653 2380 sustentabant

181 2437 219 2483 4)
237 2437 344 2483 pleno
360 2438 475 2484 gradu
491 2465 500 2474 .
519 2464 528 2473 .
545 2465 554 2474 .
572 2438 651 2474 sub·
687 2436 722 2471 ΙΙ
747 2437 795 2471 40
818 2435 925 2480 pleno
948 2435 1065 2480 gradu
1091 2461 1100 2471 .
1119 2462 1128 2471 .
1147 2463 1156 2471 .

156 2484 257 2521 ducit
666 2484 796 2520 cedens

183 2533 220 2577 6)
245 2533 330 2568 dein
354 2533 490 2568 crebris
508 2532 652 2578 ignibus
690 2531 742 2566 111
772 2533 815 2566 12
839 2529 915 2575 igni
939 2529 1095 2575 plurimo
1120 2528 1156 2563 in

157 2579 262 2617 factis
294 2581 504 2627 plerumque
537 2580 652 2616 noctis
667 2579 774 2615 armis
796 2580 1013 2624 pernoctant

160 2655 169 2665 .
196 2655 206 2665 .
232 2655 241 2665 .
264 2628 391 2664 laetari

184 2721 220 2768 1)
243 2677 579 2760 suenuffi‘haberi
597 2722 651 2769 ju·
691 2720 722 2760 v
749 2721 770 2756 6
796 2718 938 2756 silentio
963 2716 1087 2754 habito

156 2771 221 2865 ΒΞ)
245 2829 360 2864 neque
392 2817 516 2864 fugere
540 2827 654 2863 neque
691 2815 726 2850 11
753 2817 793 2850 11
822 2826 903 2852 cum
928 2840 937 2850 .
958 2840 966 2849 .
982 2840 991 2849 .
1015 2812 1159 2848 infensis

156 2877 260 2904 arma
281 2877 424 2914 capere,
448 2877 562 2912 neque
578 2877 653 2902 om·
668 2864 830 2903 hostibus
860 2866 899 2900 et
930 2862 1030 2899 omni
1052 2860 1160 2898 modo
